ts,mid,spread_bps,trend_bps_per_sec,trend_angle_deg,bid_pressure_total_usd,ask_pressure_total_usd,pressure_imbalance,strongest_bid_usd,strongest_bid_dist_usd,strongest_ask_usd,strongest_ask_dist_usd,bid_p_0_10,bid_p_10_25,bid_p_25_50,bid_p_50_100,bid_p_100_200,ask_p_0_10,ask_p_10_25,ask_p_25_50,ask_p_50_100,ask_p_100_200,burst_count_3s,burst_buy_usd_3s,burst_sell_usd_3s,burst_imbalance_3s,target_ok_long,target_ok_short,pressure_ok_long,pressure_ok_short,in_long_hint,in_short_hint
1771599600013,67034.50,0.1492,,,3523436.75,1638831.48,0.365073,653037.85,0.50,389395.96,25.50,2477482.68,1045954.07,0.00,0.00,0.00,3281.41,792862.83,842687.24,0.00,0.00,1,11.40,0.00,1.000000,1,0,1,0,1,0
1771599600585,67050.50,0.1491,,,9660121.32,446993.04,0.911549,3328025.72,13.50,122844.04,8.50,1224975.50,8435145.82,0.00,0.00,0.00,140473.40,159111.76,147407.88,0.00,0.00,20,11053.68,20.11,0.996367,0,0,1,0,0,0
1771599601094,67063.00,1.7894,3.937024,75.7483,6470219.85,1497466.11,0.624115,2539194.23,13.00,409375.67,25.00,1211433.98,4263677.26,995108.60,0.00,0.00,4589.53,432264.27,1060612.31,0.00,0.00,27,26134.34,20.11,0.998462,1,0,1,0,1,0
1771599601601,67077.50,0.1491,4.002667,75.9727,6557563.88,2127490.90,0.510080,800992.42,14.50,437637.87,17.50,2111650.47,4445913.40,0.00,0.00,0.00,595995.34,1531495.56,0.00,0.00,0.00,27,26134.34,20.11,0.998462,0,0,1,0,0,0
1771599602203,67077.50,0.1491,3.103980,72.1428,1135889.89,3986208.58,-0.556475,354424.14,0.50,720251.41,14.50,361432.85,650175.26,124281.79,0.00,0.00,1553810.76,2432397.82,0.00,0.00,0.00,29,26134.34,52.31,0.996005,0,0,0,1,0,0
1771599602727,67068.00,0.2982,2.058162,64.0863,112941.79,9831144.67,-0.977285,75031.19,13.00,3279075.24,9.00,113.34,112828.45,0.00,0.00,0.00,4617080.79,5214063.88,0.00,0.00,0.00,34,26134.34,476.87,0.964161,0,0,0,1,0,0
1771599603298,67066.00,0.2982,1.392724,54.3210,157005.41,7364499.31,-0.958252,75811.34,22.00,1555504.77,2.00,6949.80,150055.61,0.00,0.00,0.00,3279858.85,4084640.46,0.00,0.00,0.00,30,23257.19,499.67,0.957935,0,1,0,1,0,0
1771599603904,67065.50,0.1491,0.976932,44.3315,166888.73,7493791.96,-0.956430,120817.98,21.50,1789231.01,0.50,657.86,166230.88,0.00,0.00,0.00,3761917.92,3731874.04,0.00,0.00,0.00,17,15631.27,479.55,0.940468,0,1,0,1,0,0
1771599604419,67065.50,0.1491,0.730780,36.1586,3241214.31,1575203.56,0.345902,845476.78,8.50,346889.20,29.50,2066949.15,1174265.16,0.00,0.00,0.00,40208.20,844830.53,690164.83,0.00,0.00,12,550.61,2942.18,-0.684715,1,0,1,0,1,0
1771599605014,67068.50,0.1491,0.606358,31.2309,7251505.81,2744061.45,0.450944,2788921.50,2.50,690525.15,18.50,6386533.29,864972.52,0.00,0.00,0.00,34230.69,2709830.76,0.00,0.00,0.00,14,604.26,2939.49,-0.658970,0,0,1,0,0,0
1771599605520,67068.50,0.1491,0.515109,27.2534,647246.12,3304932.58,-0.672461,225857.89,20.50,856189.44,0.50,194796.71,452449.40,0.00,0.00,0.00,1329166.77,1975765.81,0.00,0.00,0.00,13,604.26,2927.42,-0.657804,0,1,0,1,0,0
1771599606139,67065.50,0.1491,0.407997,22.1953,468618.33,9469733.46,-0.905695,219717.56,16.50,1865227.83,1.50,113725.46,354892.87,0.00,0.00,0.00,6310883.72,3158849.74,0.00,0.00,0.00,9,604.26,2513.60,-0.612385,0,0,0,1,0,0
1771599607178,67065.50,0.1491,0.312920,17.3759,138037.70,6810243.68,-0.960267,53827.61,16.50,2250902.63,0.50,784.60,137253.10,0.00,0.00,0.00,3585525.88,3224717.80,0.00,0.00,0.00,5,73.77,28.17,0.447359,0,0,0,1,0,0
1771599607699,67065.50,0.1491,0.251584,14.1216,935314.20,4191646.87,-0.635139,483854.54,21.50,1462523.69,0.50,717.54,934596.66,0.00,0.00,0.00,2495553.02,1696093.86,0.00,0.00,0.00,3,20.12,28.17,-0.166678,0,1,0,1,0,0
1771599608241,67053.50,0.1491,0.129555,7.3818,1933447.94,7784725.00,-0.602096,275072.58,12.50,1769718.16,12.50,528442.70,1405005.24,0.00,0.00,0.00,3456467.96,4328257.04,0.00,0.00,0.00,33,20.12,32498.59,-0.998763,0,0,0,1,0,0
1771599608787,67053.50,0.1491,0.048235,2.7615,2247592.31,3232843.87,-0.179776,561700.30,0.50,789079.11,12.50,1155467.85,1092124.46,0.00,0.00,0.00,1703840.13,1529003.75,0.00,0.00,0.00,33,20.12,32498.59,-0.998763,0,0,0,1,0,0
1771599609369,67053.50,0.1491,-0.007608,-0.4359,2018628.01,2385981.85,-0.083402,245207.88,14.50,789099.23,12.50,804542.42,1214085.59,0.00,0.00,0.00,796478.90,1589502.96,0.00,0.00,0.00,34,52.31,32487.86,-0.996785,0,0,0,0,0,0
1771599609907,67053.50,0.1491,-0.046044,-2.6363,1173058.79,2774776.84,-0.405721,202829.48,17.50,581687.42,0.50,354647.54,818411.25,0.00,0.00,0.00,1094302.56,1680474.28,0.00,0.00,0.00,40,126328.39,32499.93,0.590754,0,0,0,1,0,0
1771599610455,67050.50,0.1491,-0.084594,-4.8354,858224.70,10801816.62,-0.852792,176383.98,18.50,2884468.42,1.50,81063.21,777161.49,0.00,0.00,0.00,8432710.35,2369106.27,0.00,0.00,0.00,47,126343.15,32711.81,0.588673,0,0,0,1,0,0
1771599610984,67047.50,1.0440,-0.122204,-6.9672,804795.69,11550525.04,-0.869725,245042.91,28.50,2870579.94,4.50,1111.53,450892.28,352791.88,0.00,0.00,9496016.26,2054508.78,0.00,0.00,0.00,52,126343.15,35168.52,0.564508,0,1,0,1,0,1
1771599611538,67041.00,1.1933,-0.169759,-9.6346,1292960.37,9080400.92,-0.750715,263803.71,24.00,2852472.54,11.00,224098.01,884781.26,184081.10,0.00,0.00,365768.53,8714632.40,0.00,0.00,0.00,26,126723.32,2992.41,0.953862,0,1,0,1,0,1
1771599612098,67044.50,0.1492,-0.193472,-10.9499,3375989.47,1107736.66,0.505886,827870.04,0.50,242770.34,19.50,1969128.12,1406861.36,0.00,0.00,0.00,171280.37,897522.83,38933.46,0.00,0.00,26,126691.14,74505.56,0.259376,0,0,1,0,0,0
1771599612653,67045.50,0.1492,-0.206957,-11.6927,5003849.93,1644470.48,0.505297,2086009.30,0.50,287790.40,18.50,3612877.80,1390972.12,0.00,0.00,0.00,105398.14,1258425.81,280646.53,0.00,0.00,21,649.73,74493.49,-0.982707,0,0,1,0,0,0
1771599613161,67049.50,0.1491,-0.205628,-11.6197,6074060.90,1646098.51,0.573558,1494439.74,0.50,287790.40,14.50,4451710.23,1622350.66,0.00,0.00,0.00,149233.17,1496865.34,0.00,0.00,0.00,16,411.02,74304.41,-0.988998,0,0,1,0,0,0
1771599613675,67049.50,0.1491,-0.202958,-11.4728,4522692.82,1724648.15,0.447878,1595135.94,0.50,287790.40,14.50,2854146.23,1668546.59,0.00,0.00,0.00,129434.04,1595214.11,0.00,0.00,0.00,16,411.02,74313.79,-0.988999,0,0,1,0,0,0
1771599614266,67049.50,0.1491,-0.199096,-11.2601,3121744.38,1578043.27,0.328462,770324.62,0.50,297900.54,21.50,1464936.68,1656807.70,0.00,0.00,0.00,187583.51,1390459.76,0.00,0.00,0.00,9,30.84,71857.09,-0.999142,1,0,1,0,0,0
1771599614778,67049.50,0.1491,-0.194656,-11.0152,3333040.01,1610443.09,0.348458,830157.14,0.50,297900.54,21.50,1513992.71,1819047.30,0.00,0.00,0.00,154016.57,1456426.51,0.00,0.00,0.00,9,567.24,485.43,0.077713,1,0,1,0,0,0
1771599615281,67049.50,0.1491,-0.189865,-10.7505,3163995.91,1558457.67,0.339980,748095.87,0.50,220075.42,11.50,1279295.36,1884700.55,0.00,0.00,0.00,568684.72,989772.96,0.00,0.00,0.00,10,606.13,485.43,0.110571,0,0,1,0,0,0
1771599615882,67052.50,0.1491,-0.179351,-10.1680,4705790.60,1891873.56,0.426502,958884.50,0.50,414990.56,19.50,3289876.08,1415914.53,0.00,0.00,0.00,300742.06,1591131.51,0.00,0.00,0.00,10,606.13,485.43,0.110572,0,0,1,0,0,0
1771599616489,67052.50,0.1491,-0.169483,-9.6192,4183609.97,1127326.20,0.575470,1715191.50,0.50,183498.77,16.50,2202572.34,1981037.62,0.00,0.00,0.00,81617.92,1045708.28,0.00,0.00,0.00,8,610.16,453.25,0.147549,0,0,1,0,0,0
1771599617012,67065.50,0.1491,-0.140382,-7.9911,12983302.10,201202.94,0.969479,3795302.11,13.50,112660.23,32.50,3278393.41,9704908.69,0.00,0.00,0.00,260.22,7315.04,193627.68,0.00,0.00,21,1164.72,498.18,0.400834,1,0,1,0,0,0
1771599617543,67079.50,0.1491,-0.095248,-5.4409,4202918.32,878790.89,0.654136,1371440.35,14.50,185589.71,18.50,1547804.82,2655113.50,0.00,0.00,0.00,5577.09,702883.59,170330.21,0.00,0.00,39,3162.89,498.18,0.727852,0,0,1,0,0,0
1771599618135,67079.50,0.1491,-0.056928,-3.2582,4002312.94,1170311.44,0.547498,1739844.12,0.50,347307.97,25.50,2465565.80,1536747.15,0.00,0.00,0.00,55993.80,767009.67,347307.97,0.00,0.00,34,2587.60,65.05,0.950956,1,0,1,0,0,0
1771599619147,67090.50,0.1491,-0.008184,-0.4689,11819320.62,1002964.39,0.843559,2395211.99,11.50,275247.86,22.50,7268142.08,4551178.54,0.00,0.00,0.00,1675.46,1001288.94,0.00,0.00,0.00,47,8667.18,136.15,0.969068,1,0,1,0,0,0
1771599619667,67102.50,0.1490,0.047217,2.7033,7811363.16,1743624.03,0.635034,2339575.21,11.50,283008.14,10.50,3317470.48,4493892.69,0.00,0.00,0.00,578828.55,1164795.48,0.00,0.00,0.00,63,15997.34,91.23,0.988659,0,0,1,0,0,0
1771599620274,67102.50,0.1490,0.093418,5.3370,2016923.76,1754783.70,0.069502,847005.73,0.50,276219.11,19.50,1012751.68,1004172.09,0.00,0.00,0.00,680795.81,1073987.89,0.00,0.00,0.00,37,13961.97,167.05,0.976353,0,0,0,0,0,0
1771599620780,67102.50,0.1490,0.131664,7.5007,1707783.79,1941150.98,-0.063955,392225.28,0.50,282300.31,0.50,536338.25,1171445.54,0.00,0.00,0.00,861363.12,1079787.86,0.00,0.00,0.00,36,13961.97,146.93,0.979172,0,0,0,0,0,0
1771599621296,67102.50,0.1490,0.163416,9.2810,2960838.21,1022660.26,0.486552,723044.85,0.50,321175.41,19.50,1369697.02,1591141.19,0.00,0.00,0.00,45345.83,977314.43,0.00,0.00,0.00,37,13961.97,367.02,0.948772,0,0,1,0,0,0
1771599621819,67116.50,0.1490,0.203756,11.5167,12822016.09,286982.60,0.956216,2660813.72,14.50,123467.60,24.50,6871467.39,5950548.71,0.00,0.00,0.00,1306.85,285675.75,0.00,0.00,0.00,49,16636.44,346.90,0.959148,1,0,1,0,1,0
1771599622381,67117.50,0.1490,0.238523,13.4157,9310791.98,1263514.54,0.761022,4524001.25,0.50,318898.58,16.50,6867557.39,2443234.58,0.00,0.00,0.00,1179.34,1262335.20,0.00,0.00,0.00,40,10721.94,316.05,0.942733,0,0,1,0,0,0
1771599623447,67125.50,0.1490,0.275393,15.3972,4298508.94,2161033.71,0.330902,2595277.37,0.50,603944.43,19.50,3537941.17,760567.77,0.00,0.00,0.00,207709.97,1953323.74,0.00,0.00,0.00,36,5272.76,602.70,0.794840,0,0,1,0,0,0
1771599623997,67125.50,0.1490,0.305882,17.0079,4480525.69,588934.04,0.767654,2165388.06,0.50,200304.20,21.50,2941986.25,1538539.44,0.00,0.00,0.00,12571.50,576362.54,0.00,0.00,0.00,36,5272.76,602.70,0.794840,1,0,1,0,1,0
1771599624514,67126.50,0.1490,0.331881,18.3600,7733023.05,970149.38,0.777058,4492488.10,0.50,283911.42,19.50,6261595.95,1471427.10,0.00,0.00,0.00,1603.80,968545.58,0.00,0.00,0.00,43,5494.28,34318.83,-0.723996,0,0,1,0,0,0
1771599625021,67126.50,0.1490,0.353325,19.4596,4710497.84,757828.35,0.722830,2179989.35,0.50,242770.13,18.50,2984350.79,1726147.05,0.00,0.00,0.00,1805.20,756023.14,0.00,0.00,0.00,28,2721.88,34318.83,-0.853033,0,0,1,0,0,0
1771599625623,67126.00,0.2979,0.370515,20.3304,1152005.11,3213612.18,-0.472237,315086.84,24.00,1006968.77,1.00,113966.20,1038038.92,0.00,0.00,0.00,1597280.68,1616331.50,0.00,0.00,0.00,20,2087.60,34545.05,-0.886025,0,1,0,1,0,0
1771599626249,67125.50,0.1490,0.384044,21.0090,374178.34,4176632.51,-0.835555,214165.77,21.50,1641423.35,0.50,35894.28,338284.06,0.00,0.00,0.00,2407905.06,1768727.46,0.00,0.00,0.00,14,1268.68,34437.65,-0.928938,0,1,0,1,0,0
1771599626749,67125.50,0.1490,0.394911,21.5496,307683.41,4811497.37,-0.879792,95282.62,17.50,1452721.43,0.50,19276.78,288406.63,0.00,0.00,0.00,1875537.12,2935960.25,0.00,0.00,0.00,14,1690.90,34182.57,-0.905730,0,0,0,1,0,0
1771599627262,67126.00,0.2979,0.403844,21.9910,2918682.74,117065.27,0.922876,655640.75,1.00,75694.38,23.00,1205916.19,1712766.56,0.00,0.00,0.00,1628.64,115436.63,0.00,0.00,0.00,14,1489.53,34202.71,-0.916535,1,0,1,0,1,0
1771599627841,67133.50,0.1490,0.415449,22.5604,8441252.36,928274.86,0.801852,3975513.18,7.50,273697.59,21.50,8045521.12,395731.24,0.00,0.00,0.00,16112.63,912162.23,0.00,0.00,0.00,34,2426.68,286.63,0.788724,1,0,1,0,1,0
1771599628358,67133.50,0.1490,0.424798,23.0157,603131.80,3838921.36,-0.728445,168998.09,13.50,683898.80,12.50,125872.79,477259.01,0.00,0.00,0.00,1294972.59,2543948.77,0.00,0.00,0.00,37,32523.52,286.63,0.982528,0,0,0,1,0,0
1771599628916,67132.50,0.1490,0.431582,23.3441,198690.50,7207795.64,-0.946347,85782.11,13.50,3974395.11,0.50,11092.42,187598.09,0.00,0.00,0.00,5719139.23,1488656.41,0.00,0.00,0.00,36,31574.37,60.42,0.996180,0,0,0,1,0,0
1771599629426,67129.50,0.1490,0.435110,23.5143,217443.28,7238645.63,-0.941674,94560.54,21.50,3230065.36,3.50,11340.09,206103.18,0.00,0.00,0.00,4815256.62,2423389.01,0.00,0.00,0.00,38,31523.35,105.39,0.993336,0,1,0,1,0,0
1771599629967,67127.00,0.5959,0.436077,23.5609,761850.04,6524866.69,-0.790893,180857.45,14.00,2492344.70,2.00,22528.77,739321.27,0.00,0.00,0.00,4342393.61,2182473.08,0.00,0.00,0.00,49,32888.10,500.77,0.970004,0,0,0,1,0,0
1771599630493,67125.50,0.1490,0.435382,23.5274,1339944.41,2895314.70,-0.367243,343112.37,14.50,565646.64,0.50,350400.47,989543.94,0.00,0.00,0.00,1742741.63,1152573.07,0.00,0.00,0.00,51,54820.18,480.63,0.982618,0,0,0,1,0,0
1771599631032,67127.50,0.1490,0.434969,23.5075,6625279.46,2340717.85,0.477868,2989682.62,1.50,951674.04,23.50,5606727.11,1018552.36,0.00,0.00,0.00,48294.91,2292422.94,0.00,0.00,0.00,27,53883.03,539.70,0.980166,1,0,1,0,1,0
1771599631576,67132.50,0.1490,0.436223,23.5680,5634996.44,2660447.86,0.358576,1208906.02,3.50,681197.27,19.50,4720305.03,914691.42,0.00,0.00,0.00,581841.46,2078606.39,0.00,0.00,0.00,27,28449.88,519.56,0.964130,0,0,1,0,0,0
1771599632080,67132.50,0.1490,0.436672,23.5896,124797.50,4192659.57,-0.942189,27685.91,0.50,1752699.64,0.50,85928.13,38869.37,0.00,0.00,0.00,2725302.64,1467356.92,0.00,0.00,0.00,29,28382.75,571.25,0.960541,0,0,0,1,0,0
1771599632581,67126.50,0.1490,0.433772,23.4499,231869.59,11824572.31,-0.961536,95106.05,19.50,2429311.05,5.50,27568.79,204300.79,0.00,0.00,0.00,9756615.50,2067956.80,0.00,0.00,0.00,29,26636.05,586.02,0.956945,0,0,0,1,0,0
1771599633110,67125.50,0.1490,0.430065,23.2709,41131.20,10911288.06,-0.992489,14670.95,21.50,5831128.22,0.50,20676.87,20454.34,0.00,0.00,0.00,9811163.79,1100124.26,0.00,0.00,0.00,23,26624.64,1330.43,0.904817,0,1,0,1,0,0
1771599633699,67110.50,0.1490,0.419769,22.7712,1769778.54,10268218.91,-0.705968,533807.12,29.50,3143037.34,15.50,2716.45,372079.45,1394982.64,0.00,0.00,3398383.85,6869835.06,0.00,0.00,0.00,52,8766.44,22189.18,-0.433612,0,1,0,1,0,0
1771599634244,67098.50,0.1490,0.404989,22.0474,1896208.16,4756499.53,-0.429944,327869.41,12.50,1264140.86,8.50,551696.92,1344511.24,0.00,0.00,0.00,2469754.18,2286745.35,0.00,0.00,0.00,144,1350947.41,24574.49,0.964269,0,0,0,1,0,0
1771599634836,67098.50,0.1490,0.390898,21.3504,2265000.94,991452.40,0.391085,327439.80,17.50,181489.10,20.50,897541.39,1367459.56,0.00,0.00,0.00,192184.65,799267.75,0.00,0.00,0.00,141,1346303.84,24574.49,0.964148,1,0,1,0,1,0
1771599635409,67106.50,0.1490,0.380523,20.8329,8747609.23,1982057.01,0.630546,2293459.88,6.50,319737.73,16.50,7872230.12,875379.12,0.00,0.00,0.00,267177.02,1714880.00,0.00,0.00,0.00,136,1346974.88,24514.05,0.964252,0,0,1,0,0,0
1771599635962,67106.50,0.1490,0.370549,20.3321,2921302.37,1845485.07,0.225690,818938.81,0.50,327534.06,16.50,1003885.72,1917416.65,0.00,0.00,0.00,239864.83,1605620.25,0.00,0.00,0.00,135,1347491.60,24120.02,0.964830,0,0,1,0,0,0
1771599636545,67111.50,1.3411,0.362702,19.9358,8771492.75,1960529.81,0.634639,3689297.92,4.50,312712.61,28.50,5992665.19,2778827.57,0.00,0.00,0.00,10.74,632933.59,1327585.49,0.00,0.00,108,1343842.52,2579.27,0.996169,1,0,1,0,1,0
1771599637059,67115.50,0.1490,0.356498,19.6211,5740629.69,1021131.76,0.697969,1343175.85,0.50,195088.50,17.50,4906582.11,834047.58,0.00,0.00,0.00,20758.89,1000372.86,0.00,0.00,0.00,107,1343727.09,2579.27,0.996168,0,0,1,0,0,0
1771599637671,67122.50,0.1490,0.352670,19.4262,1512800.39,2032780.32,-0.146656,494901.92,0.50,568051.21,0.50,946629.21,566171.18,0.00,0.00,0.00,1063748.69,969031.62,0.00,0.00,0.00,26,3877.24,100128.54,-0.925442,0,0,0,1,0,0
1771599638201,67118.50,0.4470,0.347448,19.1597,137105.86,10122812.72,-0.973273,90542.73,17.50,2901875.36,3.50,314.75,136791.11,0.00,0.00,0.00,7159359.05,2963453.68,0.00,0.00,0.00,23,3206.20,100080.90,-0.937917,0,0,0,1,0,0
1771599638748,67107.50,0.1490,0.338758,18.7142,534040.00,7687147.79,-0.870082,140989.64,17.50,2104178.16,10.50,22735.14,511304.86,0.00,0.00,0.00,2770363.56,4916784.23,0.00,0.00,0.00,40,4738.51,102466.61,-0.911599,0,0,0,1,0,0
1771599639298,67106.50,0.1490,0.330082,18.2671,835347.53,6838522.25,-0.782288,232466.52,19.50,1197130.22,1.50,44153.77,791193.76,0.00,0.00,0.00,3684173.95,3154348.30,0.00,0.00,0.00,37,4214.40,102422.32,-0.920958,0,0,0,1,0,0
1771599639825,67106.50,0.1490,0.321761,17.8362,1339287.77,2729324.75,-0.341649,359458.82,15.50,504529.22,0.50,200060.75,1139227.02,0.00,0.00,0.00,1127434.76,1601889.99,0.00,0.00,0.00,36,3821.82,102422.32,-0.928056,0,0,0,1,0,0
1771599640430,67107.00,0.2980,0.313843,17.4241,3843216.08,1186884.70,0.528087,1289972.60,1.00,535147.44,25.00,1629909.56,2213306.52,0.00,0.00,0.00,300.67,479346.42,707237.61,0.00,0.00,28,2414.29,4418.35,-0.293307,1,0,1,0,1,0
1771599641423,67117.00,0.2980,0.308704,17.1556,7359996.21,2588883.17,0.479563,1974394.33,1.00,775918.37,15.00,6389692.90,970303.32,0.00,0.00,0.00,780347.63,1808535.53,0.00,0.00,0.00,26,7341.33,4395.53,0.250987,0,0,1,0,0,0
1771599641925,67117.50,0.1490,0.303837,16.9007,2928805.71,2964112.87,-0.005991,1603324.45,0.50,676562.34,14.50,1899635.84,1029169.87,0.00,0.00,0.00,1381759.93,1582352.94,0.00,0.00,0.00,13,6804.39,2050.09,0.536937,0,0,0,0,0,0
1771599642441,67117.50,0.1490,0.299076,16.6506,1848669.79,1701249.74,0.041528,507167.69,11.50,339161.25,13.50,608186.15,1240483.64,0.00,0.00,0.00,420535.16,1280714.59,0.00,0.00,0.00,11,6770.83,2075.60,0.530749,0,0,0,0,0,0
1771599642989,67118.50,0.1490,0.294658,16.4180,12588961.72,1214257.64,0.824062,8793788.28,0.50,352734.88,20.50,9780773.01,2808188.72,0.00,0.00,0.00,2857.56,1211400.08,0.00,0.00,0.00,13,6770.83,5454.32,0.107689,1,0,1,0,1,0
1771599643566,67118.50,0.1490,0.290278,16.1869,5144750.00,1647754.70,0.514831,2307874.58,0.50,354178.75,23.50,2970129.04,2174620.96,0.00,0.00,0.00,486.65,1417675.18,229592.87,0.00,0.00,9,6756.74,3436.44,0.325737,1,0,1,0,1,0
1771599644252,67118.50,0.1490,0.285867,15.9535,3428294.57,1689119.69,0.339854,1375027.67,0.50,682712.52,22.50,2211798.56,1216496.01,0.00,0.00,0.00,3294.50,1685825.19,0.00,0.00,0.00,8,6396.34,3456.58,0.298365,1,0,1,0,1,0
1771599644771,67118.50,0.1490,0.281549,15.7245,2748685.17,1229235.66,0.381971,1107666.48,0.50,195055.38,13.50,1629445.05,1119240.12,0.00,0.00,0.00,76993.63,1152242.03,0.00,0.00,0.00,6,0.00,5658.72,-1.000000,0,0,1,0,0,0
1771599645291,67118.50,0.1490,0.277320,15.4998,3562323.36,1341057.69,0.453007,1596507.68,0.50,259293.00,23.50,2136771.57,1425551.80,0.00,0.00,0.00,495.38,1340562.32,0.00,0.00,0.00,7,24.83,5633.21,-0.991222,1,0,1,0,1,0
1771599645859,67121.50,0.1490,0.273853,15.3151,11069321.69,1972348.69,0.697531,3521536.83,0.50,681672.47,27.50,9580032.93,1489288.76,0.00,0.00,0.00,492.03,947705.52,1024151.14,0.00,0.00,12,106.05,2254.49,-0.910148,1,0,1,0,1,0
1771599646382,67126.50,0.1490,0.271563,15.1930,7772225.59,2346917.01,0.536143,2172945.05,5.50,750707.69,22.50,6880886.80,891338.80,0.00,0.00,0.00,76995.52,2269921.49,0.00,0.00,0.00,13,287.95,2262.55,-0.774201,1,0,1,0,1,0
1771599646927,67126.50,0.1490,0.269214,15.0676,4233100.44,2269835.87,0.301904,1718306.12,0.50,751254.95,22.50,3122437.73,1110662.72,0.00,0.00,0.00,93374.85,2176461.02,0.00,0.00,0.00,12,287.95,2242.41,-0.772404,1,0,1,0,1,0
1771599647474,67132.00,1.7875,0.268012,15.0033,4498703.10,3088078.21,0.185932,2062465.82,6.00,870392.72,17.00,2067533.00,2172865.38,258304.72,0.00,0.00,28338.63,2818299.59,241440.00,0.00,0.00,32,2723.57,2262.55,0.092460,0,0,1,0,0,0
1771599647989,67138.50,0.1489,0.268077,15.0068,5210050.99,3096299.59,0.254474,892605.21,1.50,725828.31,10.50,3910518.47,1299532.52,0.00,0.00,0.00,1021515.48,2074784.11,0.00,0.00,0.00,36,14648.12,40.27,0.994516,0,0,1,0,0,0
1771599648583,67138.50,0.1489,0.267916,14.9982,2351475.81,3183848.03,-0.150375,1472623.69,0.50,656594.07,20.50,1482190.60,869285.22,0.00,0.00,0.00,938886.78,2244961.25,0.00,0.00,0.00,30,14572.95,60.42,0.991743,1,0,0,1,0,0
1771599649134,67138.50,0.1489,0.267564,14.9794,1598752.95,3304304.96,-0.347855,637592.13,0.50,602678.95,15.50,671344.99,927407.96,0.00,0.00,0.00,1090677.80,2213627.15,0.00,0.00,0.00,29,14553.49,60.42,0.991732,0,0,0,1,0,0
1771599649721,67138.50,0.1489,0.267026,14.9507,2444114.64,2303056.69,0.029714,1087975.99,0.50,631962.18,23.50,1855435.87,588678.77,0.00,0.00,0.00,56287.59,2246769.10,0.00,0.00,0.00,32,14371.59,1430.71,0.818924,1,0,0,0,0,0
1771599650763,67172.50,0.7444,0.272861,15.2623,1458603.67,4531574.23,-0.513002,441169.22,25.50,876457.98,22.50,7954.57,1009479.88,441169.22,0.00,0.00,434802.35,4096771.88,0.00,0.00,0.00,68,22342.79,101565.03,-0.639364,1,1,0,1,0,0
1771599651329,67173.00,0.8932,0.278200,15.5465,5215032.91,1037960.05,0.668012,861508.99,3.00,601441.83,23.00,1683413.66,3531619.25,0.00,0.00,0.00,20477.33,846012.73,171469.99,0.00,0.00,64,11548.73,101785.34,-0.796200,1,0,1,0,1,0
1771599651866,67176.50,0.1489,0.283648,15.8359,12960026.03,718563.59,0.894936,4454693.33,1.50,220108.39,29.50,12173858.81,786167.22,0.00,0.00,0.00,1019.16,381169.53,336374.90,0.00,0.00,69,12790.81,101796.77,-0.776750,1,0,1,0,1,0
1771599652459,67192.50,0.1488,0.291483,16.2505,6336106.60,4026374.57,0.222894,2094503.34,16.50,769692.06,9.50,1821943.55,4514163.05,0.00,0.00,0.00,2752354.96,1274019.60,0.00,0.00,0.00,83,14105.61,100406.35,-0.753640,0,0,1,0,0,0
1771599653090,67182.50,1.6373,0.296799,16.5308,601269.14,9707879.87,-0.883352,223308.41,24.50,1750488.00,9.50,58993.48,542264.24,11.42,0.00,0.00,5288058.63,4419821.25,0.00,0.00,0.00,110,28628.66,138607.45,-0.657626,0,1,0,1,0,0
1771599653697,67175.50,0.1489,0.300328,16.7165,1002607.17,6948944.70,-0.747821,123741.09,8.50,1550385.27,12.50,344499.19,658107.97,0.00,0.00,0.00,2657572.88,4291371.82,0.00,0.00,0.00,60,37061.89,38452.99,-0.018422,0,0,0,1,0,0
1771599654198,67175.50,0.1489,0.303451,16.8805,4416028.05,1400550.51,0.518428,1294627.60,17.50,419956.25,17.50,1621766.97,2794261.07,0.00,0.00,0.00,511206.81,889343.70,0.00,0.00,0.00,61,35940.13,44950.18,-0.111386,0,0,1,0,0,0
1771599654709,67176.50,0.1489,0.306365,17.0332,8546449.69,1430388.61,0.713258,4691997.06,0.50,359149.09,22.50,6494027.97,2052421.72,0.00,0.00,0.00,67.18,1035778.70,394542.73,0.00,0.00,64,36380.14,145004.65,-0.598862,1,0,1,0,1,0
1771599655315,67190.50,0.1488,0.311208,17.2866,2811352.24,3800102.20,-0.149551,595808.13,14.50,648322.64,17.50,1292308.50,1519043.73,0.00,0.00,0.00,868072.13,2932030.07,0.00,0.00,0.00,50,92437.12,144993.24,-0.221354,0,0,0,1,0,0
1771599655908,67190.50,0.1488,0.315557,17.5135,1250405.35,4459032.81,-0.561987,498240.89,19.50,942501.96,19.50,310239.09,939125.20,1041.06,0.00,0.00,579492.15,3879540.66,0.00,0.00,0.00,54,133001.94,145415.19,-0.044585,0,0,0,1,0,0
1771599656530,67183.50,0.1488,0.318331,17.6579,953404.96,7961155.08,-0.786102,251559.79,18.50,2339531.06,5.50,30375.94,923029.02,0.00,0.00,0.00,6865714.31,1095440.77,0.00,0.00,0.00,26,113195.70,107254.40,0.026951,0,0,0,1,0,0
1771599657132,67183.50,0.1488,0.320741,17.7832,2462136.35,2509772.94,-0.009581,537140.18,0.50,718601.01,19.50,1073781.31,1388355.04,0.00,0.00,0.00,198294.61,2311478.33,0.00,0.00,0.00,24,113195.70,100536.90,0.059227,0,0,0,0,0,0
1771599657736,67184.00,0.2977,0.322887,17.8946,2581202.34,216367.01,0.845318,1325802.76,1.00,95071.55,21.00,1992729.69,588472.65,0.00,0.00,0.00,907.02,215460.00,0.00,0.00,0.00,26,112755.70,100493.73,0.057501,1,0,1,0,1,0
1771599658338,67191.00,2.0836,0.325759,18.0435,10014366.69,790441.12,0.853687,7069387.36,7.00,160848.10,22.00,8002004.15,1872517.35,139845.19,0.00,0.00,23472.26,625397.75,141571.11,0.00,0.00,35,55452.82,100493.72,-0.288823,1,0,1,0,1,0
1771599659023,67197.50,0.1488,0.329209,18.2220,9647465.14,1300762.03,0.762379,2578125.53,13.50,319030.66,18.50,5174389.36,4473075.78,0.00,0.00,0.00,100154.76,1200607.27,0.00,0.00,0.00,26,1331.14,100031.46,-0.973735,0,0,1,0,0,0
1771599659545,67197.50,0.1488,0.332286,18.3809,2671283.92,1594564.74,0.252404,1133043.56,0.50,409015.90,13.50,1429203.25,1242080.67,0.00,0.00,0.00,276505.90,1318058.84,0.00,0.00,0.00,26,1331.14,100031.46,-0.973735,0,0,1,0,0,0
1771599660078,67197.50,0.1488,0.335014,18.5216,540764.03,3361367.36,-0.722837,255726.92,0.50,857889.99,0.50,305726.61,235037.41,0.00,0.00,0.00,1337108.52,2024258.84,0.00,0.00,0.00,26,1322.41,100031.46,-0.973905,0,0,0,1,0,0
1771599660683,67197.50,0.1488,0.337402,18.6445,1665947.17,1778134.45,-0.032574,302658.39,19.50,349664.35,18.50,745068.05,920879.12,0.00,0.00,0.00,467468.65,1310665.80,0.00,0.00,0.00,22,1794.81,20.16,0.977790,0,0,0,0,0,0
1771599661233,67197.50,0.1488,0.339485,18.7516,1873106.09,1097957.08,0.260900,449928.27,0.50,360386.65,18.50,584045.88,1289060.22,0.00,0.00,0.00,33511.39,1064445.69,0.00,0.00,0.00,36,4719.94,138161.73,-0.933932,0,0,1,0,0,0
1771599661764,67200.50,0.1488,0.341686,18.8646,11155612.58,759681.98,0.872486,4464617.56,1.50,147590.16,11.50,9445908.18,1709704.40,0.00,0.00,0.00,59081.16,700600.81,0.00,0.00,0.00,46,25916.25,138161.74,-0.684098,0,0,1,0,0,0
1771599662300,67200.50,0.1488,0.343605,18.9630,4171828.96,1046194.08,0.599007,1454302.75,0.50,247031.89,16.50,2589393.63,1582435.34,0.00,0.00,0.00,52453.67,993740.42,0.00,0.00,0.00,47,25916.25,138173.83,-0.684122,0,0,1,0,0,0
1771599662971,67200.50,0.1488,0.345226,19.0460,1867479.58,1376544.83,0.151335,371676.48,0.50,240310.19,16.50,551043.68,1316435.90,0.00,0.00,0.00,276944.61,1099600.22,0.00,0.00,0.00,51,26150.78,138193.99,-0.681757,0,0,1,0,0,0
1771599663505,67201.50,0.1488,0.346728,19.1228,9024273.28,68770.94,0.984874,5345529.08,0.50,38869.76,13.50,7917068.53,1107204.74,0.00,0.00,0.00,11612.91,57158.03,0.00,0.00,0.00,57,25666.96,238211.78,-0.805464,0,0,1,0,0,0
1771599664121,67217.50,0.1488,0.349948,19.2874,8888445.15,2317135.13,0.586432,4576672.36,16.50,633882.88,20.50,2112300.58,6776144.57,0.00,0.00,0.00,400356.71,1916778.42,0.00,0.00,0.00,87,37539.30,102574.71,-0.464161,1,0,1,0,1,0
1771599664626,67212.00,0.2976,0.352183,19.4014,1243467.36,10315421.94,-0.784847,237794.28,25.00,2006073.22,5.00,252169.99,753503.10,237794.28,0.00,0.00,8284500.63,2030921.31,0.00,0.00,0.00,76,26298.41,103560.04,-0.594968,0,1,0,1,0,0
1771599665159,67209.50,0.1488,0.353852,19.4864,1396345.01,5814802.49,-0.612726,249678.48,14.50,1901455.65,1.50,114514.51,1053037.42,228793.07,0.00,0.00,4539768.18,1275034.32,0.00,0.00,0.00,77,26298.41,103565.42,-0.594985,0,0,0,1,0,0
1771599665842,67208.50,0.1488,0.355132,19.5516,1684638.13,3332741.64,-0.328479,615477.75,23.50,1035310.96,0.50,199847.25,1484790.87,0.00,0.00,0.00,1547874.59,1784867.05,0.00,0.00,0.00,76,26298.41,103545.26,-0.594922,0,1,0,1,0,0
1771599666389,67208.50,0.1488,0.356196,19.6057,2029008.00,2698228.74,-0.141567,300600.63,12.50,428326.72,20.50,417532.62,1611475.38,0.00,0.00,0.00,444928.67,2253300.07,0.00,0.00,0.00,72,26283.65,103541.71,-0.595092,1,0,0,1,0,0
1771599666956,67209.50,0.4464,0.357165,19.6550,3461519.92,1084266.60,0.522958,925050.91,1.50,193380.37,20.50,1278786.39,2182733.53,0.00,0.00,0.00,87862.15,996404.45,0.00,0.00,0.00,34,12128.05,103641.85,-0.790480,1,0,1,0,1,0
1771599667568,67235.00,0.8924,0.360752,19.8370,2913032.69,3320424.56,-0.065356,417310.18,17.00,687321.77,14.00,198086.13,2714946.56,0.00,0.00,0.00,3120.64,1626539.54,1690764.38,0.00,0.00,151,4662307.72,100172.19,0.957933,0,0,0,0,0,0
1771599668072,67235.50,0.1487,0.364073,20.0052,2098662.38,1629939.72,0.125710,503891.00,17.50,720664.54,12.50,687217.79,1411444.59,0.00,0.00,0.00,461547.43,1168392.29,0.00,0.00,0.00,150,4662643.90,100529.88,0.957789,0,0,1,0,0,0
1771599668579,67235.50,0.1487,0.367092,20.1578,3981067.26,2156157.74,0.297351,2271544.56,0.50,720664.54,12.50,2667074.41,1313992.85,0.00,0.00,0.00,613750.12,1542407.62,0.00,0.00,0.00,157,4662643.90,200595.73,0.917505,0,0,1,0,0,0
1771599669390,67234.50,0.1487,0.369195,20.2639,293674.48,4526602.75,-0.878150,180664.51,18.50,2483131.09,0.50,1173.11,292501.38,0.00,0.00,0.00,3609933.81,916668.93,0.00,0.00,0.00,152,4662492.71,100581.49,0.957766,0,0,0,1,0,0
1771599670333,67214.50,1.6366,0.370424,20.3259,1104127.77,12454239.54,-0.837130,229671.13,31.50,4625967.02,20.50,51.75,263678.69,840397.32,0.00,0.00,889307.41,11407530.01,157402.12,0.00,0.00,57,51073.80,101333.76,-0.329773,1,1,0,1,0,0
1771599670872,67209.50,0.1488,0.372201,20.4153,3301569.11,712397.59,0.645041,1024510.79,11.50,104177.91,15.50,724051.25,2577517.86,0.00,0.00,0.00,98138.33,614259.25,0.00,0.00,0.00,73,50884.86,200893.07,-0.595796,0,0,1,0,0,0
1771599671413,67232.00,0.8924,0.377749,20.6940,12715339.90,201218.08,0.968843,6650768.91,22.00,100660.58,32.00,470957.96,12244381.94,0.00,0.00,0.00,43.03,5868.16,195306.88,0.00,0.00,98,65595.66,100932.77,-0.212199,1,1,1,0,1,0
1771599672009,67286.00,4.1613,0.388832,21.2477,677291.41,54099.88,0.852063,149772.22,34.00,33683.65,14.00,0.00,74994.94,602296.47,0.00,0.00,0.00,34502.75,19597.12,0.00,0.00,181,188345.95,100975.82,0.301983,0,1,1,0,0,0
1771599672634,67322.00,3.2679,0.402400,21.9199,1437890.07,202844.39,0.752740,225136.67,22.00,92523.60,35.00,0.00,454321.67,983568.40,0.00,0.00,0.00,98284.78,104559.62,0.00,0.00,281,236556.65,201774.17,0.079352,1,1,1,0,1,0
1771599673638,67369.00,2.9687,0.420398,22.8018,5712173.64,309613.74,0.897169,2505961.63,30.00,225176.92,22.00,0.00,1577531.93,4134641.71,0.00,0.00,0.00,249842.70,59771.04,0.00,0.00,317,279063.31,100989.36,0.468551,1,1,1,0,1,0
1771599674200,67413.50,10.5320,0.442583,23.8733,2682311.80,1709406.38,0.221532,584423.87,50.50,615921.32,65.50,0.00,0.00,1406512.39,1275799.41,0.00,0.00,0.00,16820.81,1692585.57,0.00,771,2366985.08,401736.26,0.709804,1,1,1,0,1,0
1771599674735,67423.50,3.7079,0.465187,24.9472,4308817.65,1206664.92,0.562444,580647.16,29.50,663330.72,55.50,0.00,1766075.72,2542741.93,0.00,0.00,0.00,49395.43,59600.15,1097669.34,0.00,752,2356196.99,401627.35,0.708736,1,1,1,0,1,0
1771599675254,67447.00,0.2965,0.489947,26.1024,3130652.96,396064.03,0.775392,541826.52,20.00,105242.81,41.00,512039.17,2618613.79,0.00,0.00,0.00,6933.08,18360.92,370770.02,0.00,0.00,622,2192591.00,401607.89,0.690380,1,1,1,0,1,0
1771599675794,67460.00,1.7788,0.515407,27.2669,6941191.19,184824.88,0.948127,2181546.91,13.00,120109.93,30.00,524998.82,6273242.31,142950.06,0.00,0.00,825.79,47113.28,136885.81,0.00,0.00,573,2188193.36,368254.19,0.711902,1,0,1,0,1,0
1771599676334,67466.50,0.1482,0.540467,28.3897,10731898.41,73186.96,0.986453,2450331.69,16.50,20174.03,25.50,3301743.76,7430154.66,0.00,0.00,0.00,1525.59,39942.31,31719.05,0.00,0.00,541,2112320.59,470386.27,0.635742,1,0,1,0,1,0
1771599677389,67500.50,1.6296,0.568286,29.6090,7834349.98,1595155.39,0.661667,1866322.04,21.50,718617.55,18.50,572653.79,7261696.18,0.00,0.00,0.00,200752.66,1235266.91,159135.82,0.00,0.00,282,381293.55,236314.07,0.234744,0,1,1,0,0,0
1771599677926,67496.50,0.1482,0.594794,30.7439,4048511.90,1100631.04,0.572499,457371.79,0.50,604412.21,24.50,1976412.12,2072099.78,0.00,0.00,0.00,49700.15,954633.04,96297.85,0.00,0.00,273,377395.60,236563.14,0.229384,1,0,1,0,1,0
1771599678470,67497.50,0.1482,0.619276,31.7689,4249846.24,35143.69,0.983597,2130184.56,1.50,15063.94,20.50,2789516.12,1460163.46,166.66,0.00,0.00,125.55,35018.14,0.00,0.00,0.00,279,377407.07,239333.87,0.223876,1,0,1,0,1,0
1771599679029,67528.50,2.2213,0.646238,32.8721,4563098.87,4059759.01,0.058373,861292.92,23.50,1284501.08,21.50,282152.90,3819614.44,461331.53,0.00,0.00,9562.42,1540752.69,2509443.90,0.00,0.00,435,1856044.25,239395.70,0.771508,1,1,0,0,0,0
1771599679556,67541.50,0.1481,0.673648,33.9661,2948455.25,2035098.71,0.183274,888410.93,20.50,1283994.45,8.50,278560.06,2669895.19,0.00,0.00,0.00,1290114.62,497373.50,247610.60,0.00,0.00,410,1851175.95,137244.10,0.861957,0,1,1,0,0,0
1771599680082,67546.50,0.1480,0.700653,35.0171,8139044.98,1333538.16,0.718443,3091920.94,5.50,1283827.60,3.50,5909403.56,2229641.42,0.00,0.00,0.00,1294363.25,39174.91,0.00,0.00,0.00,180,1493834.56,70716.66,0.909601,0,0,1,0,0,0
1771599680668,67549.50,0.1480,0.726724,36.0068,11229463.48,1327393.60,0.788579,3066248.24,1.50,1282436.75,0.50,10272684.82,956778.66,0.00,0.00,0.00,1284829.48,39997.53,2566.58,0.00,0.00,191,1495246.52,70770.11,0.909618,0,0,1,0,0,0
1771599681273,67571.00,0.2960,0.753849,37.0108,2233808.13,23772.80,0.978940,309435.08,12.00,10028.26,14.00,354643.46,1879164.66,0.00,0.00,0.00,3555.22,20217.58,0.00,0.00,0.00,264,2803524.38,70802.01,0.950735,0,0,1,0,0,0
1771599682294,67623.50,1.0351,0.784988,38.1315,6279956.94,653244.22,0.811561,2589011.47,40.50,117790.17,61.50,34475.38,0.00,6245481.56,0.00,0.00,40801.74,164343.65,229840.76,218258.07,0.00,514,2753068.79,153118.58,0.894626,1,1,1,0,1,0
1771599682852,67639.00,0.2957,0.817017,39.2494,3864261.34,839345.64,0.643106,625986.53,18.00,175291.78,36.00,1065832.57,2798428.77,0.00,0.00,0.00,199324.63,2310.51,637710.50,0.00,0.00,520,2859815.32,153118.61,0.898359,1,0,1,0,1,0
1771599683438,67682.00,0.8865,0.852616,40.4515,2010906.02,2254282.66,-0.057061,482988.30,29.00,1727826.54,18.00,217894.76,570089.01,1222922.24,0.00,0.00,15003.73,1796630.83,442648.10,0.00,0.00,673,3471669.80,1163481.27,0.497975,0,1,0,0,0,0
1771599683990,67689.50,0.1477,0.888232,41.6125,2162660.31,2609812.44,-0.093694,276362.48,9.50,1743536.32,10.50,895307.88,1267352.44,0.00,0.00,0.00,23201.07,1824007.73,762603.64,0.00,0.00,658,2942747.98,1170821.80,0.430751,0,0,0,0,0,0
1771599684511,67697.00,0.8863,0.923443,42.7207,7551304.43,1824530.06,0.610802,1913500.34,8.00,1727530.01,3.00,3422367.60,4128936.84,0.00,0.00,0.00,1757214.17,67315.88,0.00,0.00,0.00,585,2314556.79,1086817.49,0.360954,0,0,1,0,0,0
1771599685027,67699.50,0.1477,0.957658,43.7609,6539686.00,1927290.49,0.544751,3270507.55,0.50,1709056.03,0.50,5134936.20,1404749.80,0.00,0.00,0.00,1779108.22,148182.27,0.00,0.00,0.00,197,902449.95,1130439.66,-0.112151,0,0,1,0,0,0
1771599685599,67743.00,12.9903,0.995316,44.8655,2477165.74,4089532.62,-0.245537,619849.40,59.00,1820733.13,49.00,0.00,0.00,812437.80,1664727.94,0.00,0.00,0.00,2547181.25,1542351.37,0.00,665,9322964.90,1198706.67,0.772145,1,1,0,1,0,0
1771599686238,67733.00,2.0669,1.030672,45.8654,4294754.51,2858149.09,0.200842,656969.83,29.00,500151.03,42.00,22285.59,2253943.03,2018525.89,0.00,0.00,153079.12,23088.85,1235714.43,1446266.68,0.00,528,8716789.03,260264.23,0.942016,1,1,1,0,1,0
1771599687274,67752.00,1.4760,1.067063,46.8582,2203734.47,1082129.16,0.341343,428268.76,11.00,514513.91,23.00,703977.79,1499756.68,0.00,0.00,0.00,112931.83,783578.42,185618.91,0.00,0.00,544,8952104.09,282815.24,0.938751,1,0,1,0,1,0
1771599688377,67738.50,0.1476,1.100561,47.7409,732314.29,748904.58,-0.011200,285054.96,10.50,201608.21,23.50,17507.08,714807.21,0.00,0.00,0.00,159547.90,486378.00,102978.68,0.00,0.00,562,8944197.21,1007369.16,0.797546,1,0,0,0,0,0
1771599689318,67744.50,0.1476,1.134697,48.6105,937527.10,3602878.03,-0.587029,362650.83,4.50,500155.09,21.50,879068.06,58459.04,0.00,0.00,0.00,2623859.25,894384.65,84634.13,0.00,0.00,199,1687622.11,1048164.05,0.233738,1,0,0,1,0,0
1771599689850,67744.50,0.1476,1.168980,49.4548,2140253.10,1186296.84,0.286770,885271.14,0.50,300664.44,29.50,1747234.37,393018.73,0.00,0.00,0.00,534291.83,174689.58,477315.44,0.00,0.00,197,1473339.36,1055180.49,0.165377,1,0,1,0,1,0
1771599690418,67740.50,1.3286,1.201475,50.2290,65689.55,2745484.70,-0.953265,19421.89,16.50,1324762.28,4.50,384.72,50877.68,14427.15,0.00,0.00,2254620.02,490864.68,0.00,0.00,0.00,204,1473379.33,1038160.54,0.173288,0,0,0,1,0,0
1771599690953,67707.50,2.8062,1.229735,50.8826,1354431.91,6267154.95,-0.644580,250070.32,46.50,2449439.01,29.50,16032.92,327727.30,1010671.69,0.00,0.00,31839.18,402280.34,5833035.43,0.00,0.00,236,1642082.84,204132.55,0.778864,1,1,0,1,0,0
1771599691458,67699.50,0.1477,1.257255,51.5018,1391596.05,3032142.27,-0.370851,318442.55,20.50,606122.97,19.50,30103.95,584619.24,776872.86,0.00,0.00,1873378.19,1158764.08,0.00,0.00,0.00,238,1753358.79,202926.12,0.792539,0,1,0,1,0,0
1771599691959,67693.00,1.7727,1.282920,52.0646,2817914.99,7008894.60,-0.426484,607651.63,30.00,2705050.97,6.00,184748.89,906615.73,1726550.38,0.00,0.00,5307002.63,1597134.94,104757.04,0.00,0.00,126,490484.16,136993.11,0.563353,0,1,0,1,0,0
1771599692485,67686.50,0.1477,1.306887,52.5776,1140955.78,1669845.45,-0.188163,450108.52,0.50,301185.69,4.50,553060.01,587895.77,0.00,0.00,0.00,1329948.16,339897.29,0.00,0.00,0.00,131,462389.40,184980.72,0.428516,0,0,0,1,0,0
1771599693042,67686.50,0.1477,1.329850,53.0581,904580.60,1389450.56,-0.211362,417574.22,13.50,249765.20,5.50,29778.78,874801.82,0.00,0.00,0.00,682688.14,706762.42,0.00,0.00,0.00,120,319018.11,182446.50,0.272345,0,0,0,1,0,0
1771599693569,67685.50,0.1477,1.353176,53.5355,7762.27,11975864.36,-0.998705,5023.14,6.50,7496012.64,0.50,7633.70,128.57,0.00,0.00,0.00,10891200.09,1084664.28,0.00,0.00,0.00,114,319995.37,175584.81,0.291397,0,0,0,1,0,0
1771599694089,67645.50,10.2002,1.371436,53.9019,3741396.20,15551580.42,-0.612149,1782740.23,60.50,8259198.69,40.50,0.00,0.00,1719426.16,2021970.04,0.00,0.00,0.00,14741459.01,810121.41,0.00,103,88889.22,625639.73,-0.751195,1,1,0,1,0,0
1771599694625,67611.50,0.1479,1.385373,54.1772,3436382.48,1301886.19,0.450480,677909.91,19.50,228993.16,21.50,938395.23,2497987.25,0.00,0.00,0.00,444832.75,857053.44,0.00,0.00,0.00,115,28808.85,794699.69,-0.930034,1,0,1,0,1,0
1771599695144,67611.50,0.1479,1.398546,54.4342,2827222.18,2206157.82,0.123389,606738.04,2.50,1194676.32,0.50,1195279.49,1631942.69,0.00,0.00,0.00,1536270.97,559287.89,110598.95,0.00,0.00,119,22389.77,794936.72,-0.945212,0,0,1,0,0,0
1771599695700,67611.50,0.1479,1.411074,54.6756,3557989.38,17164.39,0.990398,1613281.62,0.50,5732.40,19.50,3163496.64,394492.74,0.00,0.00,0.00,1363.74,15800.64,0.00,0.00,0.00,115,22807.31,698297.78,-0.936743,0,0,1,0,0,0
1771599696313,67611.50,0.1479,1.422820,54.8993,1531371.10,607967.83,0.431630,935036.00,21.50,232701.30,18.50,180539.08,1195451.13,155380.90,0.00,0.00,133611.28,474356.56,0.00,0.00,0.00,111,17259.87,695402.48,-0.951562,0,1,1,0,0,0
1771599696908,67592.00,0.8877,1.431616,55.0653,4432418.78,5685226.91,-0.123824,844878.06,19.00,1644139.96,19.00,213174.15,2803319.07,1415925.56,0.00,0.00,104243.25,5577663.66,3320.00,0.00,0.00,111,16807.67,694953.13,-0.952772,0,0,0,1,0,0
1771599697562,67580.00,0.2959,1.438179,55.1882,1881449.80,6005745.08,-0.522910,287583.19,24.00,1487843.03,8.00,238587.46,1642862.34,0.00,0.00,0.00,4390973.42,1614771.66,0.00,0.00,0.00,98,397649.37,155970.43,0.436543,0,1,0,1,0,0
1771599698069,67579.50,0.1480,1.444133,55.2991,3314206.04,402923.86,0.783207,707756.22,0.50,95454.42,40.50,1601223.12,1712982.91,0.00,0.00,0.00,13036.93,515.79,389371.15,0.00,0.00,81,391155.16,37523.22,0.824935,1,0,1,0,1,0
1771599698648,67582.50,0.1480,1.449786,55.4038,9904677.57,43582.26,0.991238,4902039.42,3.50,16673.06,26.50,7952171.46,1952506.11,0.00,0.00,0.00,2708.96,11105.23,29768.07,0.00,0.00,86,385135.96,41585.68,0.805092,1,0,1,0,1,0
1771599699200,67591.50,0.4438,1.456394,55.5254,17039895.37,243081.71,0.971870,4537643.16,1.50,152482.63,71.50,11746209.63,5293685.74,0.00,0.00,0.00,135.19,877.61,61.54,242007.36,0.00,88,383859.46,42362.86,0.801217,1,0,1,0,1,0
1771599699767,67611.50,0.1479,1.464389,55.6717,8299511.53,905110.71,0.803336,4451306.98,19.50,314446.29,50.50,776087.77,7523423.76,0.00,0.00,0.00,703.17,61.54,581415.29,322930.71,0.00,97,384217.08,63072.77,0.717978,1,0,1,0,1,0
1771599700314,67635.00,0.8871,1.473948,55.8451,3272998.49,2923754.52,0.056359,608861.64,26.00,1105811.31,31.00,78958.21,2258877.40,935162.88,0.00,0.00,301672.69,618873.44,2003208.40,0.00,0.00,112,431752.58,736182.74,-0.260657,1,1,0,0,0,0
1771599700828,67626.50,0.1479,1.481689,55.9844,2431131.43,1922791.18,0.116755,732288.67,14.50,578968.27,0.50,401797.03,2029334.40,0.00,0.00,0.00,1688842.76,233948.42,0.00,0.00,0.00,79,69314.30,723056.95,-0.825046,0,0,0,0,0,0
1771599701354,67626.50,0.1479,1.488484,56.1058,6364686.89,246311.82,0.925484,3997822.57,0.50,180807.55,0.50,4867453.86,1497233.03,0.00,0.00,0.00,245484.55,827.27,0.00,0.00,0.00,72,70206.90,701890.63,-0.818140,0,0,1,0,0,0
1771599701927,67637.50,0.1478,1.495505,56.2305,14803357.82,85292.38,0.988543,6258586.80,11.50,58910.51,48.50,5252667.02,9550690.81,0.00,0.00,0.00,220.51,135.30,84936.56,0.00,0.00,78,68477.43,802316.02,-0.842724,1,0,1,0,1,0
1771599702535,67695.50,3.1021,1.507753,56.4461,487565.66,894337.48,-0.294356,115047.19,17.50,157212.65,38.50,0.00,467627.19,19938.46,0.00,0.00,0.00,43425.90,850911.58,0.00,0.00,115,178537.41,822400.98,-0.643260,1,0,0,1,0,0
1771599703083,67725.00,0.5906,1.522615,56.7045,2595623.25,927545.75,0.473459,816394.21,19.00,160787.35,24.00,113686.29,1827090.33,654846.63,0.00,0.00,379966.15,526238.04,21341.56,0.00,0.00,114,194593.22,825075.11,-0.618321,1,0,1,0,1,0
1771599703594,67725.50,0.4430,1.536731,56.9467,1546726.67,824481.87,0.304589,669418.02,19.50,194756.53,22.50,281694.41,1265032.27,0.00,0.00,0.00,14468.92,655225.90,154787.05,0.00,0.00,114,138234.03,657211.76,-0.652436,1,0,1,0,1,0
1771599704218,67750.50,0.1476,1.551839,57.2024,2744219.70,595593.31,0.643337,1075744.08,20.50,107258.23,22.50,332635.92,2411583.78,0.00,0.00,0.00,12268.01,122398.52,460926.78,0.00,0.00,322,158988.45,3416697.41,-0.911072,1,1,1,0,1,0
1771599704834,67784.00,0.5901,1.569215,57.4922,2918898.93,354262.17,0.783535,548707.57,23.00,89000.38,16.00,770812.23,2148086.70,0.00,0.00,0.00,4123.69,350138.48,0.00,0.00,0.00,363,222756.97,3339639.91,-0.874940,0,1,1,0,0,0
1771599705898,67799.00,0.2950,1.585014,57.7518,255347.53,3674382.99,-0.870043,80711.23,20.00,1283324.96,16.00,3055.66,114777.65,137514.22,0.00,0.00,976003.38,2698379.61,0.00,0.00,0.00,341,278586.33,3303175.85,-0.844442,0,1,0,1,0,0
1771599706444,67779.50,2.8032,1.596569,57.9393,3205560.35,1967831.12,0.239249,671879.52,21.50,307112.52,19.50,246886.11,1497278.79,1461395.45,0.00,0.00,123278.36,1795292.81,49259.94,0.00,0.00,393,480420.63,4584283.57,-0.810287,0,1,1,0,0,0
1771599707505,67722.50,3.3962,1.600640,58.0049,2710068.55,1043678.12,0.443927,635452.38,28.50,215246.12,32.50,0.00,743114.74,1966953.82,0.00,0.00,0.00,343285.20,700392.92,0.00,0.00,151,500845.94,1599227.15,-0.523020,1,1,1,0,1,0
1771599708567,67708.00,0.2954,1.602409,58.0333,961105.40,8101854.18,-0.787905,324867.45,27.00,2116663.80,6.00,143259.43,306349.57,511496.40,0.00,0.00,6371976.88,1729877.31,0.00,0.00,0.00,152,362978.90,3096675.49,-0.790165,0,1,0,1,0,0
1771599709126,67705.50,0.4431,1.603038,58.0434,902567.78,12488823.27,-0.865202,605568.04,48.50,4147430.88,1.50,20169.87,80209.78,802188.14,0.00,0.00,11261080.05,1227743.23,0.00,0.00,0.00,151,360827.73,3092097.49,-0.791002,0,1,0,1,0,0
1771599710125,67670.50,0.1478,1.599022,57.9789,1416569.99,3387625.72,-0.410278,607310.29,20.50,730248.69,15.50,74155.61,912241.97,430172.42,0.00,0.00,1194389.50,2193236.21,0.00,0.00,0.00,124,123424.81,1848510.90,-0.874819,0,1,0,1,0,0
1771599710631,67670.50,0.1478,1.594772,57.9103,545309.22,2697229.58,-0.663653,155514.23,21.50,972263.77,0.50,5337.13,239509.99,300462.10,0.00,0.00,1751354.71,945874.87,0.00,0.00,0.00,99,123090.75,1544510.36,-0.852374,0,1,0,1,0,0
1771599711166,67670.50,0.1478,1.590422,57.8398,312629.49,945323.94,-0.502955,173795.13,12.50,226134.65,20.50,129600.19,183029.30,0.00,0.00,0.00,143208.28,802115.66,0.00,0.00,0.00,65,69519.53,47794.08,0.185191,1,0,0,1,0,0
1771599711822,67670.00,0.2956,1.584753,57.7475,491375.93,597861.98,-0.097762,181999.46,19.00,122122.69,18.00,646.86,490729.07,0.00,0.00,0.00,195017.65,389438.01,13406.32,0.00,0.00,68,68852.28,45716.02,0.201943,0,0,0,0,0,0
1771599712425,67680.50,3.3983,1.578245,57.6410,1391530.47,2138064.99,-0.211507,674405.38,29.50,606087.17,34.50,0.00,398599.63,992930.84,0.00,0.00,0.00,297119.49,1840945.50,0.00,0.00,81,180330.57,75336.66,0.410666,1,1,0,1,0,0
1771599713457,67713.00,0.2954,1.573514,57.5632,4728458.61,951616.03,0.664928,1728466.40,17.00,263294.40,24.00,1292729.98,3435728.63,0.00,0.00,0.00,111491.79,516293.95,323830.29,0.00,0.00,74,116716.46,203454.33,-0.270911,1,0,1,0,1,0
1771599714468,67709.50,0.1477,1.566970,57.4550,5407275.39,521423.48,0.824102,3466218.71,0.50,150002.08,4.50,3860628.82,1546646.57,0.00,0.00,0.00,520879.64,419.21,124.64,0.00,0.00,77,169498.27,226919.59,-0.144850,0,0,1,0,0,0
1771599714984,67709.50,0.1477,1.559659,57.3334,9881899.42,519552.47,0.900100,7582640.18,0.50,150013.60,4.50,7859952.91,2021946.51,0.00,0.00,0.00,519130.56,421.91,0.00,0.00,0.00,88,165898.24,592921.41,-0.562747,0,0,1,0,0,0
1771599715590,67745.00,2.6570,1.555602,57.2655,23341552.56,138355.65,0.988215,14254198.89,36.00,50074.64,26.00,13001.25,0.00,23328551.31,0.00,0.00,63.69,20047.68,50409.47,67834.82,0.00,96,76004.53,558131.88,-0.760290,1,1,1,0,1,0
1771599716117,67785.50,3.0980,1.554976,57.2551,2998409.21,110458.62,0.928940,2100030.66,32.50,49547.56,14.50,0.00,571951.00,2426458.21,0.00,0.00,0.00,66446.32,44012.30,0.00,0.00,111,97675.13,561183.72,-0.703502,0,1,1,0,0,0
1771599716697,67834.00,5.6019,1.558356,57.3116,5364893.78,16863.68,0.993733,2309761.27,19.00,4579.46,30.00,0.00,2403587.73,2961306.05,0.00,0.00,0.00,5301.46,11562.21,0.00,0.00,262,196366.77,400816.59,-0.342357,1,0,1,0,1,0
1771599717322,67949.50,0.1472,1.572467,57.5460,1825246.22,527727.58,0.551438,1168834.38,24.50,471377.98,0.50,122853.46,1257480.48,444912.28,0.00,0.00,502643.51,25084.07,0.00,0.00,0.00,530,1112304.19,1864874.82,-0.252780,0,1,1,0,0,0
1771599717842,67949.50,0.1472,1.585253,57.7557,5197760.46,447078.05,0.841598,1780435.03,0.50,401026.63,0.50,3224023.48,1973736.97,0.00,0.00,0.00,417273.20,29329.02,475.83,0.00,0.00,532,1175321.40,1843339.97,-0.221296,0,0,1,0,0,0
1771599718446,67963.50,0.1471,1.597944,57.9615,8036403.93,28138.69,0.993022,4084554.36,14.50,7741.10,0.50,540569.22,7495834.71,0.00,0.00,0.00,17759.83,10340.78,38.07,0.00,0.00,541,1591146.42,1518939.25,0.023217,0,0,1,0,0,0
1771599719049,67991.50,0.1471,1.612123,58.1887,2469929.34,469202.00,0.680721,336040.03,26.50,301717.22,0.50,155984.53,1761707.90,552236.91,0.00,0.00,431904.82,37297.18,0.00,0.00,0.00,560,1581150.74,1519033.20,0.020037,0,1,1,0,0,0
1771599719727,67984.50,0.1471,1.624149,58.3791,2809376.31,4559936.97,-0.237547,660789.03,19.50,998499.79,76.50,582333.81,2227042.50,0.00,0.00,0.00,2181792.57,2040.18,116915.63,2259188.59,0.00,1215,10328040.82,1733704.41,0.712528,1,0,0,1,0,0
1771599720744,67984.50,0.1471,1.634676,58.5441,674043.76,1527655.00,-0.387706,258466.56,23.50,668959.89,40.50,101128.36,425688.54,147226.86,0.00,0.00,128833.08,12281.68,1386540.24,0.00,0.00,954,9349926.47,956992.79,0.814301,1,1,0,1,0,0
1771599721341,67984.50,0.1471,1.644347,58.6944,2552287.38,527626.63,0.657376,1389789.43,0.50,255595.19,46.50,1710282.62,840873.94,1130.82,0.00,0.00,152765.29,35112.69,318982.30,20766.36,0.00,929,8960982.27,946954.78,0.808849,1,0,1,0,1,0
1771599721889,68017.50,6.0279,1.656039,58.8743,14034706.88,248189.46,0.965247,6376309.10,33.50,125513.85,61.50,0.00,1701879.59,12332827.29,0.00,0.00,0.00,7227.00,49815.08,191147.38,0.00,1037,9265005.79,2223439.86,0.612926,1,1,1,0,1,0
1771599722420,68054.50,0.1469,1.670633,59.0963,1118051.59,1974028.57,-0.276829,271142.51,18.50,339475.47,25.50,46382.03,364050.15,707619.41,0.00,0.00,113345.87,929529.01,931153.69,0.00,0.00,936,3733918.70,2283615.29,0.241013,1,0,0,1,0,0
1771599722954,68033.00,0.5879,1.682344,59.2724,538149.18,8237822.03,-0.877358,293046.21,38.00,2134824.10,22.00,69.39,57881.46,480198.33,0.00,0.00,2168726.20,6069095.83,0.00,0.00,0.00,333,2443356.11,2070181.39,0.082679,1,1,0,1,0,0
1771599723484,68020.50,0.1470,1.691418,59.4076,455671.45,11609026.82,-0.924462,226043.10,32.50,2555921.53,3.50,20437.09,159789.21,275445.15,0.00,0.00,9190115.67,2418911.14,0.00,0.00,0.00,337,2445001.99,1393227.59,0.274026,0,1,0,1,0,0
1771599724060,68009.50,0.1470,1.698054,59.5058,3701817.83,5098440.92,-0.158703,680021.23,27.50,1628686.66,11.50,1383291.32,1637637.12,680889.38,0.00,0.00,2683681.68,2414759.24,0.00,0.00,0.00,351,2650912.45,1443622.96,0.294854,0,1,0,1,0,0
1771599724632,68006.50,0.1470,1.703040,59.5792,3273062.10,825691.42,0.597101,1278832.90,2.50,118554.48,14.50,1983495.14,1289566.96,0.00,0.00,0.00,520692.66,302400.49,2598.27,0.00,0.00,333,2312037.96,1728514.50,0.144417,0,0,1,0,0,0
1771599725163,68015.00,1.7643,1.710345,59.6861,13003643.64,288304.52,0.956620,3379773.75,9.00,208068.38,78.00,8974920.35,3701588.96,327134.33,0.00,0.00,14241.56,228.59,10810.49,263023.89,0.00,180,2034038.83,424104.16,0.654939,1,0,1,0,1,0
1771599725732,68044.00,2.0575,1.719270,59.8159,3045774.88,2880164.57,0.027947,527685.56,24.00,600703.45,51.00,16772.90,1692236.03,1336765.95,0.00,0.00,1599.20,248364.67,1396743.85,1233456.86,0.00,404,994433.46,1655910.49,-0.249582,1,1,0,0,0,0
1771599726240,68040.50,2.4985,1.726967,59.9270,644954.17,6812275.10,-0.827026,227747.08,29.50,1746426.53,15.50,70.07,170162.99,474721.11,0.00,0.00,217103.74,6209407.45,385763.92,0.00,0.00,538,5011047.22,1651679.45,0.504203,0,1,0,1,0,0
1771599726911,68021.00,3.5283,1.732866,60.0117,1216803.52,19506255.68,-0.882565,490344.09,68.00,2775879.99,28.00,0.00,4748.34,1638.44,1210416.74,0.00,0.00,10998873.30,8507382.38,0.00,0.00,533,4872916.47,1613440.40,0.502513,1,1,0,1,0,0
1771599727879,67992.50,0.1471,1.733210,60.0166,3519207.97,538725.57,0.734483,1208525.25,6.50,93677.65,17.50,2099802.86,810254.27,609150.84,0.00,0.00,48559.48,241209.40,248956.70,0.00,0.00,550,4915861.25,2768031.17,0.279524,0,0,1,0,0,0
1771599728435,67985.50,0.1471,1.730972,59.9845,302008.89,12499778.51,-0.952818,118388.61,35.50,4974730.55,6.50,34315.40,1736.52,265956.97,0.00,0.00,10886222.60,1613555.91,0.00,0.00,0.00,244,4184128.59,1555767.06,0.457911,0,1,0,1,0,0
1771599728978,67977.50,1.0298,1.726887,59.9259,477290.97,18723236.28,-0.950284,118292.34,69.50,5013898.70,14.50,59.14,231.73,180918.85,296081.25,0.00,5734592.24,12988644.04,0.00,0.00,0.00,249,4183910.15,1546553.18,0.460235,0,1,0,1,0,0
1771599729587,67915.50,0.1472,1.715704,59.7642,4035354.76,3185601.94,0.117679,792889.76,22.50,377448.46,21.50,168898.10,2554100.00,1312356.67,0.00,0.00,250061.22,1668463.30,1267077.42,0.00,0.00,130,191804.41,1652364.84,-0.791988,1,1,0,0,0,0
1771599730190,67909.00,0.8835,1.704128,59.5951,3788550.77,2485185.77,0.207749,500150.00,22.00,629950.80,4.00,384757.97,2998760.27,405032.52,0.00,0.00,1499106.24,164526.07,821541.91,11.55,0.00,108,133065.28,173927.51,-0.133105,0,1,1,0,0,0
1771599730758,67901.50,0.1473,1.690804,59.3985,2651973.54,4543500.33,-0.262877,722672.97,12.50,1057694.99,5.50,358409.43,1927104.98,366459.13,0.00,0.00,3563532.08,979968.25,0.00,0.00,0.00,104,119098.17,180480.05,-0.204894,0,0,0,1,0,0
1771599731363,67906.00,1.4726,1.676146,59.1794,6720340.47,21474.30,0.993630,2863288.07,5.00,5620.31,5.00,3437240.56,2923689.69,359410.21,0.00,0.00,5666.50,863.92,14943.88,0.00,0.00,103,115503.06,159274.00,-0.159296,0,0,1,0,0,0
1771599732337,67957.50,0.1472,1.664902,59.0095,3849211.79,2800660.29,0.157680,934679.62,22.50,771253.36,54.50,361622.35,3487589.45,0.00,0.00,0.00,21978.98,542091.92,1253666.11,982923.28,0.00,120,62735.14,112174.43,-0.282656,1,1,1,0,1,0
1771599732887,67957.50,0.1472,1.652611,58.8217,2298254.22,201716.06,0.838625,801068.19,9.50,155260.99,28.50,1198726.55,1099527.67,0.00,0.00,0.00,28730.06,17725.01,155260.99,0.00,0.00,133,104228.27,194195.87,-0.301476,1,0,1,0,1,0
1771599733920,67972.50,1.0298,1.640733,58.6384,8766964.18,1332189.30,0.736178,2835946.87,15.50,600151.47,40.50,2159609.62,6607354.56,0.00,0.00,0.00,1636.91,3466.77,1327085.62,0.00,0.00,152,105003.77,188525.81,-0.284544,1,0,1,0,1,0
1771599734451,67979.00,0.5884,1.628972,58.4549,4884197.97,3481933.29,0.167612,626074.01,10.00,481814.64,9.00,3122149.06,1747371.75,14677.17,0.00,0.00,1323963.00,1005117.44,1152852.86,0.00,0.00,133,124086.93,293327.03,-0.405449,0,0,1,0,0,0
1771599735018,67976.50,0.1471,1.615927,58.2491,121528.86,13005873.39,-0.981485,26922.86,1.50,4043241.36,4.50,106142.16,14609.34,777.36,0.00,0.00,10091995.49,2913877.90,0.00,0.00,0.00,105,96269.11,543987.08,-0.699279,0,0,0,1,0,0
1771599735578,67960.00,0.8829,1.600237,57.9984,536365.01,18819935.32,-0.944580,271588.00,63.00,7434012.98,17.00,8632.28,1393.37,31.92,526307.43,0.00,1061035.66,17758899.66,0.00,0.00,0.00,201,538067.18,521402.92,0.015729,0,1,0,1,0,0
1771599736109,67932.00,7.6547,1.580798,57.6829,2279007.29,11741049.57,-0.674893,624016.57,69.00,3588146.68,31.00,0.00,0.00,375654.84,1903352.45,0.00,0.00,0.00,11741049.57,0.00,0.00,195,468421.79,478684.40,-0.010836,1,1,0,1,0,0
1771599736717,67902.00,1.4727,1.557416,57.2959,4290066.25,1454002.41,0.493738,840049.82,25.00,800798.32,34.00,484523.48,8245.55,3797297.22,0.00,0.00,56370.96,65662.61,1331968.84,0.00,0.00,191,466883.14,823423.02,-0.276322,1,1,1,0,1,0
1771599737239,67904.50,0.7363,1.533711,56.8951,4428335.57,483584.59,0.803098,1851265.45,6.50,479690.39,30.50,2829187.19,1599148.39,0.00,0.00,0.00,580.61,1714.46,481289.51,0.00,0.00,204,468338.18,1072102.99,-0.391943,1,0,1,0,1,0
1771599737805,67927.50,0.4416,1.511283,56.5078,1356450.71,6390537.85,-0.649812,217769.07,28.50,1098073.56,16.50,133943.09,636356.29,586151.33,0.00,0.00,1932428.45,4358903.85,99205.55,0.00,0.00,228,458202.64,768707.64,-0.253079,0,1,0,1,0,0
1771599738395,67926.50,0.1472,1.487641,56.0908,119611.77,6779542.10,-0.965326,64557.28,36.50,1904058.34,0.50,11.55,2037.15,117563.07,0.00,0.00,3182506.44,3597035.65,0.00,0.00,0.00,196,441509.21,677639.84,-0.210991,0,1,0,1,0,0
1771599739035,67877.50,0.1473,1.458304,55.5605,2964401.18,9447554.51,-0.522331,979239.07,23.50,926678.63,40.50,41804.37,1591091.69,1331505.12,0.00,0.00,5661.70,957036.66,8484856.15,0.00,0.00,212,364822.22,722347.11,-0.328859,1,1,0,1,0,0
1771599740150,67861.50,0.1474,1.427234,54.9828,4049267.66,1855123.15,0.371612,602314.17,7.50,346687.71,5.50,1793018.64,1484925.60,771323.42,0.00,0.00,1526977.90,328145.25,0.00,0.00,0.00,230,369012.17,2694572.50,-0.759098,0,0,1,0,0,0
1771599740654,67861.50,0.1474,1.394921,54.3638,2022080.56,544337.79,0.575800,598445.13,22.50,157408.62,0.50,203946.94,1425426.80,392706.83,0.00,0.00,340547.10,203790.68,0.00,0.00,0.00,213,373670.10,2705126.33,-0.757262,0,1,1,0,0,0
1771599741248,67861.50,0.1474,1.361475,53.7028,1457580.61,188564.68,0.770902,598565.88,22.50,100750.34,19.50,53791.14,863861.80,539927.67,0.00,0.00,54822.10,133742.57,0.00,0.00,0.00,196,367591.46,2673279.62,-0.758233,0,1,1,0,0,0
1771599741773,67861.50,0.1474,1.327047,53.0000,2833410.93,217533.16,0.857399,680454.34,22.50,80066.85,16.50,546004.38,2287406.55,0.00,0.00,0.00,8352.52,209180.65,0.00,0.00,0.00,122,53248.26,2650731.90,-0.960615,0,1,1,0,0,0
1771599742347,67868.50,0.1473,1.292388,52.2687,3167176.53,748520.07,0.617682,643508.47,23.50,558115.47,20.50,1811369.88,1328529.09,27277.55,0.00,0.00,107703.19,640816.89,0.00,0.00,0.00,69,26945.34,63436.63,-0.403745,1,1,1,0,1,0
1771599742958,67844.00,1.1792,1.254487,51.4403,5636513.23,8814709.85,-0.219926,836207.90,28.00,1728921.69,24.00,619376.81,3030829.96,1986306.46,0.00,0.00,637275.55,7586334.00,591100.30,0.00,0.00,107,27047.15,676760.23,-0.923140,1,1,0,1,0,0
1771599743470,67840.00,0.5896,1.217850,50.6099,1111370.82,4166818.01,-0.578882,611890.05,28.00,1020537.05,8.00,4887.46,309916.09,796567.27,0.00,0.00,1163163.27,3003654.75,0.00,0.00,0.00,107,18221.02,654248.99,-0.945809,0,1,0,1,0,0
1771599744029,67820.50,0.1474,1.178560,49.6856,1058443.93,14925988.11,-0.867566,523525.28,50.50,4472671.40,18.50,14960.82,689.53,287759.52,755034.06,0.00,2149850.21,12776137.90,0.00,0.00,0.00,127,39845.31,658989.13,-0.885966,0,1,0,1,0,0
1771599744550,67816.50,1.3271,1.138098,48.6956,1007483.19,15859450.95,-0.880537,553591.73,38.50,2506704.85,4.50,6963.61,701.05,999652.50,166.03,0.00,4509686.16,11349764.79,0.00,0.00,0.00,128,31830.49,659185.65,-0.907873,0,1,0,1,0,0
1771599745079,67779.50,1.9180,1.093141,47.5479,3304942.92,5820393.89,-0.275656,570881.95,24.50,2053289.48,33.50,183386.83,1999565.97,1121990.13,0.00,0.00,211129.69,1426696.33,4182567.87,0.00,0.00,129,32356.42,671409.01,-0.908048,1,1,0,1,0,0
1771599745655,67768.50,0.4427,1.044329,46.2422,3637669.94,5445954.67,-0.199071,597852.42,18.50,1133871.09,15.50,569352.88,3068317.06,0.00,0.00,0.00,1896331.53,3549623.14,0.00,0.00,0.00,133,39173.40,758878.66,-0.901827,0,0,0,1,0,0
1771599746187,67767.50,0.1476,0.994153,44.8320,4788728.02,940814.51,0.671592,1479523.62,14.50,350986.06,0.50,950334.34,3838393.68,0.00,0.00,0.00,392233.43,290378.54,258202.54,0.00,0.00,90,32549.35,140901.83,-0.624686,0,0,1,0,0,0
1771599746738,67767.50,0.1476,0.945325,43.3901,2724257.94,1467979.76,0.299668,757792.89,18.50,482659.04,21.50,243571.22,2480686.72,0.00,0.00,0.00,325487.92,1082584.35,59907.49,0.00,0.00,53,93097.44,166409.68,-0.282506,1,0,1,0,1,0
1771599747275,67784.50,5.1634,0.902568,42.0684,5559114.82,3252495.31,0.261770,1692489.63,17.50,606416.47,34.50,0.00,4258651.85,1300462.97,0.00,0.00,0.00,1026155.05,2226340.26,0.00,0.00,57,93219.43,192200.44,-0.346791,1,0,1,0,1,0
1771599747775,67807.00,1.7697,0.864726,40.8508,5011379.78,3336812.94,0.200590,888120.36,10.00,630462.01,24.00,493173.16,3510784.55,1007422.08,0.00,0.00,2307.00,1121289.93,2213216.01,0.00,0.00,154,107386.50,224651.66,-0.353168,1,0,1,0,1,0
1771599748349,67812.50,0.1475,0.831185,39.7328,2853438.70,2079538.93,0.156883,857769.01,18.50,527335.67,11.50,768154.39,2085284.30,0.00,0.00,0.00,302149.33,1777389.60,0.00,0.00,0.00,147,106566.63,167754.00,-0.223051,0,0,1,0,0,0
1771599748872,67799.00,0.8850,0.800053,38.6616,1304579.27,7904085.36,-0.716663,248828.57,14.00,1292321.09,13.00,163162.33,1141416.94,0.00,0.00,0.00,3004546.85,4899538.51,0.00,0.00,0.00,187,101605.01,316756.22,-0.514271,0,0,0,1,0,0
1771599749384,67793.50,0.1475,0.768833,37.5543,6076257.67,8287684.08,-0.153957,1076629.72,13.50,1439746.41,18.50,1695265.12,4380992.55,0.00,0.00,0.00,965878.94,7321805.14,0.00,0.00,0.00,214,194212.10,332082.07,-0.261964,0,0,0,1,0,0
1771599749925,67790.50,0.4425,0.739062,36.4667,513852.79,10524270.53,-0.906895,178769.18,30.50,3835293.76,1.50,139652.71,109425.20,264774.88,0.00,0.00,6828734.06,3695536.47,0.00,0.00,0.00,203,110276.01,296041.49,-0.457193,0,1,0,1,0,0
1771599750501,67740.50,4.2810,0.705315,35.1959,3490784.03,2005091.22,0.270329,853985.68,33.50,412736.84,37.50,0.00,1329482.22,2161301.81,0.00,0.00,0.00,511500.36,1493590.85,0.00,0.00,154,113814.50,847181.33,-0.763132,1,1,1,0,1,0
1771599751114,67751.50,0.1476,0.672713,33.9292,971634.86,4114045.72,-0.617894,246794.35,35.50,997789.54,20.50,89896.09,157918.64,723820.12,0.00,0.00,1470469.44,2643576.28,0.00,0.00,0.00,145,124773.05,1327593.92,-0.828180,1,1,0,1,0,0
1771599751659,67739.00,0.5905,0.641760,32.6907,1640472.86,7275414.72,-0.632011,597505.09,18.00,1795309.13,9.00,6406.09,1249984.15,384082.62,0.00,0.00,3755663.15,3519751.57,0.00,0.00,0.00,156,178104.94,1212276.07,-0.743804,0,0,0,1,0,0
1771599752193,67724.50,0.1477,0.608699,31.3288,1558370.78,5854221.44,-0.579534,723135.29,18.50,843606.86,15.50,283488.99,1274881.79,0.00,0.00,0.00,2589069.98,3265151.46,0.00,0.00,0.00,104,84207.98,1197338.22,-0.868584,0,0,0,1,0,0
1771599752726,67724.50,0.1477,0.575368,29.9147,907095.77,3278511.35,-0.566564,679412.51,27.50,631718.85,15.50,91808.61,135708.79,679578.37,0.00,0.00,1305639.61,1833577.07,139294.68,0.00,0.00,106,84458.56,1198679.38,-0.868356,0,1,0,1,0,0
1771599753305,67696.00,0.5909,0.541997,28.4575,799854.81,5184286.43,-0.732675,264895.42,2.00,1033610.93,20.00,329463.03,77516.58,392875.20,0.00,0.00,186702.85,4997583.58,0.00,0.00,0.00,105,68993.53,678041.83,-0.815287,1,0,0,1,0,0
1771599753863,67695.50,0.1477,0.509545,27.0009,5807142.12,1262886.45,0.642749,1389699.62,13.50,279211.83,28.50,3234796.24,2572345.87,0.00,0.00,0.00,14684.62,968989.99,279211.83,0.00,0.00,105,114115.67,84485.32,0.149195,1,0,1,0,1,0
1771599754380,67700.50,0.1477,0.477780,25.5375,3032797.62,3027731.49,0.000836,522208.97,4.50,584679.90,5.50,2884487.32,97755.66,50554.64,0.00,0.00,814306.32,1631673.91,581751.26,0.00,0.00,104,101801.54,82368.04,0.105520,0,0,0,0,0,0
1771599754932,67700.50,0.1477,0.445990,24.0364,1366386.05,2393494.18,-0.273176,589449.01,30.50,580542.85,0.50,463086.14,1784.74,901515.17,0.00,0.00,691009.28,1702484.90,0.00,0.00,0.00,80,47614.37,51831.45,-0.042406,0,1,0,1,0,0
1771599755465,67694.50,0.1477,0.415469,22.5614,3658513.25,7239386.83,-0.328584,597071.65,12.50,1658886.27,5.50,949098.45,2709414.80,0.00,0.00,0.00,6607723.67,631663.17,0.00,0.00,0.00,97,107677.85,247844.49,-0.394255,0,0,0,1,0,0
1771599756009,67695.50,0.1477,0.389980,21.3048,7737691.15,980527.65,0.775062,3690701.61,0.50,337974.27,24.50,5427362.84,2310328.31,0.00,0.00,0.00,231569.85,564979.24,183978.55,0.00,0.00,77,217863.64,211232.82,0.015453,1,0,1,0,1,0
1771599756577,67699.50,0.1477,0.366229,20.1142,8262934.92,108021.36,0.974191,2410832.60,3.50,103249.13,19.50,5147460.88,3115474.05,0.00,0.00,0.00,1320.24,106701.12,0.00,0.00,0.00,125,172968.97,1036890.65,-0.714068,0,0,1,0,0,0
1771599757574,67699.50,0.1477,0.346303,19.1011,1141406.15,1647273.52,-0.181400,597421.65,14.50,450255.75,17.50,250422.03,890984.12,0.00,0.00,0.00,528293.18,1118980.34,0.00,0.00,0.00,121,174967.47,1027442.63,-0.708972,0,0,0,1,0,0
1771599758150,67694.50,0.1477,0.326598,18.0869,692782.20,8523680.01,-0.849664,230064.56,18.50,1821819.35,0.50,259442.16,433340.04,0.00,0.00,0.00,6845546.36,1678133.65,0.00,0.00,0.00,123,209801.32,853472.52,-0.605367,0,0,0,1,0,0
1771599758679,67694.50,0.1477,0.307642,17.1001,1502682.36,959660.48,0.220531,449884.09,16.50,474380.84,0.50,349371.92,1153310.44,0.00,0.00,0.00,746781.74,212878.75,0.00,0.00,0.00,112,149152.02,857363.57,-0.703627,0,0,1,0,0,0
1771599759307,67694.50,0.1477,0.288875,16.1127,123060.06,2958769.49,-0.920138,121756.46,0.50,1139578.31,0.50,122381.22,678.84,0.00,0.00,0.00,1430545.95,1528223.54,0.00,0.00,0.00,88,37690.75,852062.13,-0.915278,0,0,0,1,0,0
1771599760273,67647.50,0.1478,0.269713,15.0943,2131112.09,3203484.14,-0.201022,596739.45,15.50,481050.09,13.50,996293.80,774117.28,360701.00,0.00,0.00,872749.53,2252513.79,78220.82,0.00,0.00,95,115631.54,201492.38,-0.270749,0,0,0,1,0,0
1771599760788,67658.50,0.7390,0.250759,14.0772,10790945.53,3029565.97,0.561584,2495875.98,11.50,524966.83,28.50,4068740.16,6722205.37,0.00,0.00,0.00,60003.84,455929.31,2513632.81,0.00,0.00,92,113142.20,210067.19,-0.299883,1,0,1,0,1,0
1771599761344,67687.00,0.2955,0.236474,13.3046,1428571.48,1592691.35,-0.054322,243473.99,20.00,332277.34,27.00,691452.53,737118.95,0.00,0.00,0.00,22691.93,682844.00,887155.43,0.00,0.00,136,90782.69,516599.42,-0.701069,1,1,0,0,0,0
1771599761938,67694.50,0.1477,0.221560,12.4927,771485.44,4144863.44,-0.686155,129220.24,21.50,856799.46,19.50,261314.73,171112.46,339058.25,0.00,0.00,1041476.55,3103386.90,0.00,0.00,0.00,150,95073.75,522976.72,-0.692343,0,1,0,1,0,0
1771599762469,67694.50,0.1477,0.207286,11.7108,4966996.72,546802.98,0.801660,956925.09,0.50,253973.02,25.50,2212147.91,2754848.81,0.00,0.00,0.00,2083.78,214700.70,330018.50,0.00,0.00,157,94637.12,601525.45,-0.728118,1,0,1,0,1,0
1771599763077,67703.50,0.1477,0.193954,10.9765,2627722.54,2849502.56,-0.040491,345134.83,8.50,730257.00,21.50,2413813.99,136865.95,77042.60,0.00,0.00,1220574.37,1628928.19,0.00,0.00,0.00,125,29232.80,535845.84,-0.896535,1,0,0,0,0,0
1771599763608,67700.50,0.1477,0.180036,10.2060,244899.23,9721802.77,-0.950857,75600.55,37.50,3530152.90,2.50,49997.35,11737.62,183164.26,0.00,0.00,8273320.81,1448481.96,0.00,0.00,0.00,120,19218.87,508817.50,-0.927206,0,1,0,1,0,0
1771599764604,67656.50,0.1478,0.158475,9.0051,3406901.25,2402009.88,0.172991,697795.88,4.50,293400.27,33.50,1509625.52,1661084.61,236191.12,0.00,0.00,335749.74,439100.35,1627159.78,0.00,0.00,94,6523.92,219358.24,-0.942236,1,0,1,0,1,0
1771599765138,67664.50,2.5124,0.137003,7.8011,3710676.94,1585509.07,0.401264,1486589.73,8.50,490669.69,33.50,1598397.73,1148910.21,963369.00,0.00,0.00,9211.65,471064.58,1105232.84,0.00,0.00,112,22028.51,215110.31,-0.814214,1,0,1,0,1,0
1771599765714,67669.50,0.7389,0.115411,6.5834,2366357.26,2604118.01,-0.047835,596733.75,24.50,791724.35,26.50,673032.61,1688054.52,5270.13,0.00,0.00,235192.42,1250078.02,1118847.58,0.00,0.00,106,23789.28,127624.48,-0.685771,1,1,0,0,0,0
1771599766306,67667.50,0.1478,0.092981,5.3122,484220.64,3886750.36,-0.778438,214060.74,29.50,1192919.85,0.50,9009.18,114361.79,360849.67,0.00,0.00,1923168.44,1762780.09,200801.83,0.00,0.00,74,21004.03,56235.93,-0.456136,0,1,0,1,0,0
1771599766874,67667.50,0.1478,0.070553,4.0357,2719868.09,1897365.05,0.178138,766947.54,18.50,560347.88,0.50,10000.45,1257013.43,1452854.21,0.00,0.00,1091909.73,805455.31,0.00,0.00,0.00,78,51256.37,50481.29,0.007618,0,0,1,0,0,0
1771599767406,67665.00,0.8867,0.047784,2.7357,116541.77,3236774.43,-0.930492,60004.48,4.00,1179565.57,3.00,73253.78,41257.45,2030.54,0.00,0.00,1770897.96,1465876.47,0.00,0.00,0.00,58,51219.83,40670.54,0.114803,0,0,0,1,0,0
1771599767936,67642.50,0.1478,0.018797,1.0768,2363467.97,8892457.87,-0.580049,641766.85,8.50,4154190.18,20.50,826150.46,1537317.51,0.00,0.00,0.00,924732.15,7967725.73,0.00,0.00,0.00,73,53585.20,41848.31,0.122985,1,0,0,1,0,0
1771599768544,67633.50,0.1479,-0.014612,-0.8372,2526060.26,10632397.27,-0.616055,596607.10,16.50,3632296.00,7.50,48325.67,2477734.58,0.00,0.00,0.00,9546415.05,885979.26,200002.96,0.00,0.00,73,42716.62,15156.53,0.476215,0,0,0,1,0,0
1771599769071,67628.50,0.1479,-0.048667,-2.7862,1882407.86,6335505.33,-0.541877,308110.44,19.50,2335057.73,4.50,427466.79,1371384.44,83556.63,0.00,0.00,5837135.73,498369.60,0.00,0.00,0.00,151,1146239.65,35332.20,0.940195,0,0,0,1,0,0
1771599769576,67628.50,0.1479,-0.082876,-4.7376,2466860.47,976218.36,0.432939,721457.52,18.50,371824.92,0.50,334873.90,2131986.57,0.00,0.00,0.00,530060.43,446157.93,0.00,0.00,0.00,161,1146239.60,186147.37,0.720581,0,0,1,0,0,0
1771599770173,67632.50,0.1479,-0.116865,-6.6657,9219771.86,1006732.47,0.803113,2184811.65,3.50,138123.37,47.50,7257732.03,1962039.83,0.00,0.00,0.00,1202.52,1020.81,874754.97,129754.18,0.00,212,1120151.86,4182248.08,-0.577493,1,0,1,0,0,0
1771599770780,67642.50,0.1478,-0.152080,-8.6473,4743002.22,2104252.73,0.385373,610795.28,19.50,600002.89,28.50,3084197.36,1658804.86,0.00,0.00,0.00,78654.64,1199053.00,826545.09,0.00,0.00,206,1114389.48,4172121.69,-0.578403,1,0,1,0,0,0
1771599771878,67628.50,0.1479,-0.190180,-10.7679,2860927.21,554400.07,0.675346,602834.28,50.50,172002.48,19.50,11615.11,213974.38,1877503.95,757833.77,0.00,24476.56,529923.51,0.00,0.00,0.00,268,21411.96,11655973.19,-0.996333,0,1,1,0,0,0
1771599772399,67628.50,0.1479,-0.228612,-12.8772,4312190.96,3374430.59,0.121999,1270394.86,40.50,660341.60,18.50,13525.60,469601.74,3321918.44,507145.18,0.00,551988.23,2822442.36,0.00,0.00,0.00,361,49783.07,12497271.17,-0.992065,0,1,1,0,0,0
1771599772903,67628.50,0.1479,-0.266979,-14.9481,13766.32,7186086.08,-0.996176,13537.10,0.50,2405683.91,0.50,13640.56,125.76,0.00,0.00,0.00,4131197.08,2814862.08,240026.92,0.00,0.00,302,46560.55,8499786.34,-0.989104,0,0,0,1,0,0
1771599773571,67607.50,0.4437,-0.306772,-17.0545,2729694.03,11387879.86,-0.613291,1075783.19,32.50,2628739.33,1.50,14109.37,661354.91,2054229.76,0.00,0.00,3086776.23,8301103.63,0.00,0.00,0.00,328,46086.43,8515303.19,-0.989234,0,1,0,1,0,1
1771599774112,67594.50,0.1479,-0.345996,-19.0854,1713757.46,6947945.47,-0.604291,664333.24,37.50,1950269.72,13.50,9067.73,718.97,1703970.76,0.00,0.00,2451267.67,4496677.80,0.00,0.00,0.00,307,103790.43,8458631.78,-0.975757,0,1,0,1,0,1
1771599774634,67594.50,0.1479,-0.382979,-20.9558,1041642.68,9889176.54,-0.809412,479833.41,34.50,4123309.87,0.50,22478.94,257.48,1018906.26,0.00,0.00,5931299.87,3957876.67,0.00,0.00,0.00,310,104252.10,8459549.03,-0.975653,0,1,0,1,0,1
1771599775135,67587.50,0.1480,-0.421765,-22.8683,1148886.28,11390179.73,-0.816751,494649.11,19.50,2076331.75,0.50,552.15,1148334.13,0.00,0.00,0.00,8964255.77,2425923.95,0.00,0.00,0.00,91,74032.42,48828.71,0.205140,0,0,0,1,0,0
1771599775670,67580.50,0.1480,-0.461494,-24.7730,3884368.61,1971649.82,0.326624,698251.41,7.50,218931.33,5.50,1708834.43,2175534.19,0.00,0.00,0.00,1451786.18,519863.64,0.00,0.00,0.00,101,76376.08,39154.80,0.322176,0,0,1,0,0,0
1771599776183,67608.50,0.4437,-0.497528,-26.4516,2711073.19,4163516.41,-0.211277,572110.79,20.50,860600.17,24.50,254057.49,2457015.70,0.00,0.00,0.00,642958.80,2790230.49,730327.12,0.00,0.00,139,752371.28,40736.42,0.897274,1,1,0,1,0,1
1771599776704,67607.50,0.1479,-0.527694,-27.8204,254820.02,6336792.15,-0.922684,68854.25,22.50,1730296.95,0.50,101923.64,152896.38,0.00,0.00,0.00,2583058.36,2712830.46,1040903.33,0.00,0.00,115,752371.28,31817.35,0.918853,0,1,0,1,0,1
1771599777241,67590.50,0.4438,-0.556521,-29.0969,3860638.07,9894514.83,-0.438663,1192349.76,19.50,1344187.39,16.50,567792.31,2583624.59,709221.17,0.00,0.00,3177362.25,6717152.58,0.00,0.00,0.00,147,691279.52,422525.53,0.241294,0,0,0,1,0,0
1771599777747,67601.00,1.4793,-0.584373,-30.3009,10519365.10,4370267.96,0.412978,2569740.37,9.00,2431476.93,28.00,5525241.34,3409368.11,1584755.65,0.00,0.00,17152.53,969963.77,3383151.67,0.00,0.00,312,691031.37,2012604.30,-0.488813,1,0,1,0,0,0
1771599778339,67604.50,0.4438,-0.609177,-31.3488,243417.10,5554183.97,-0.916028,41508.61,7.50,915394.93,15.50,185498.90,55480.11,2438.08,0.00,0.00,2102000.52,3452183.45,0.00,0.00,0.00,322,693763.20,2027044.06,-0.490031,0,0,0,1,0,0
1771599778857,67592.00,0.8877,-0.631557,-32.2747,886663.28,12478191.54,-0.867314,273690.30,37.00,1948168.77,4.00,368.34,1943.97,884350.97,0.00,0.00,6339784.63,6138406.92,0.00,0.00,0.00,362,1673751.69,2026562.87,-0.095346,0,1,0,1,0,1
1771599779394,67588.50,0.1480,-0.652112,-33.1088,1393524.32,7392983.42,-0.682804,832088.55,28.50,1780628.81,1.50,9214.95,279820.45,1104488.91,0.00,0.00,4617847.15,2775136.27,0.00,0.00,0.00,321,999256.98,2018275.92,-0.337699,0,1,0,1,0,1
1771599779967,67553.50,0.1480,-0.678121,-34.1420,3473788.74,3775180.03,-0.041577,877197.10,19.50,1035897.26,20.50,324883.29,3148905.46,0.00,0.00,0.00,592930.70,3182249.32,0.00,0.00,0.00,348,1027622.21,2057185.83,-0.333753,1,0,0,0,0,0
1771599780596,67563.50,0.1480,-0.708594,-35.3212,924624.50,3685823.87,-0.598900,120384.85,10.50,632278.22,12.50,785323.95,139300.54,0.00,0.00,0.00,610228.98,3075594.89,0.00,0.00,0.00,406,3879083.86,1765790.16,0.374374,0,0,0,1,0,0
1771599781602,67546.00,0.8883,-0.741577,-36.5598,1176649.96,12453486.23,-0.827346,595498.73,41.00,3599016.83,17.00,76639.64,9443.02,1090567.31,0.00,0.00,729761.58,11723724.65,0.00,0.00,0.00,253,3888639.10,206927.90,0.898950,0,1,0,1,0,1
1771599782141,67541.50,0.1481,-0.775219,-37.7835,2071382.39,8776396.78,-0.618100,610948.88,35.50,1553150.37,19.50,112.79,1313.29,2069956.30,0.00,0.00,4996001.30,3780395.48,0.00,0.00,0.00,210,3014785.71,206927.89,0.871542,0,1,0,1,0,1
1771599782680,67533.50,0.1481,-0.812722,-39.1015,3235882.79,4502930.00,-0.163726,1524034.34,11.50,987083.10,8.50,24534.74,3211348.05,0.00,0.00,0.00,3968318.13,534611.87,0.00,0.00,0.00,225,3014184.76,207961.83,0.870917,0,0,0,1,0,0
1771599783220,67539.50,0.1481,-0.849684,-40.3540,3860361.31,2703892.09,0.176177,1948923.86,5.50,706190.96,13.50,3828836.31,31525.00,0.00,0.00,0.00,581164.60,2122727.49,0.00,0.00,0.00,200,2986731.12,170449.83,0.892024,0,0,1,0,0,0
1771599783752,67546.50,0.1480,-0.885996,-41.5408,5229822.70,2537954.11,0.346543,3350208.91,6.50,341216.57,9.50,4299973.62,929849.08,0.00,0.00,0.00,914427.46,1623526.65,0.00,0.00,0.00,119,134145.30,17698.30,0.766888,0,0,1,0,0,0
1771599784252,67546.50,0.1480,-0.922275,-42.6846,246056.42,3483105.74,-0.868037,145577.17,0.50,828256.73,8.50,184690.25,22740.10,38626.06,0.00,0.00,1764340.09,1718765.65,0.00,0.00,0.00,99,67580.28,22571.68,0.499253,0,0,0,1,0,0
1771599784759,67546.50,0.1480,-0.957434,-43.7542,4238302.64,1156075.18,0.571378,985787.20,10.50,390193.96,18.50,588652.63,3649650.01,0.00,0.00,0.00,154272.39,1001802.79,0.00,0.00,0.00,69,46329.23,44005.49,0.025724,0,0,1,0,0,0
1771599785423,67546.50,0.1480,-0.988303,-44.6629,235680.12,2534263.46,-0.829830,100008.71,20.50,425562.01,14.50,55573.23,180106.89,0.00,0.00,0.00,746346.22,1787917.24,0.00,0.00,0.00,57,43592.43,49180.28,-0.060232,0,1,0,1,0,1
1771599785940,67546.50,0.1480,-1.018740,-45.5319,65169.82,1780773.03,-0.929391,15242.87,13.50,805180.50,0.50,32777.20,32392.62,0.00,0.00,0.00,1500277.48,280495.54,0.00,0.00,0.00,66,276046.18,47999.26,0.703750,0,0,0,1,0,0
1771599786575,67515.00,0.5925,-1.052260,-46.4587,2787823.55,4229049.58,-0.205394,454215.99,2.00,638717.67,21.00,724127.57,1403573.79,660122.18,0.00,0.00,483051.69,3521773.87,224224.02,0.00,0.00,103,274654.84,119140.49,0.394912,1,0,0,1,0,0
1771599787143,67525.00,0.2962,-1.080774,-47.2231,8392559.34,579955.33,0.870726,1677733.98,8.00,206497.82,35.00,6829946.32,1562613.02,0.00,0.00,0.00,11.48,157300.56,422643.29,0.00,0.00,149,1239814.16,113239.04,0.832617,1,0,1,0,0,0
1771599788179,67546.50,0.1480,-1.102236,-47.7842,5133611.14,1681698.97,0.506494,982666.17,16.50,452269.53,25.50,2331233.35,2802377.79,0.00,0.00,0.00,15359.49,759741.12,906598.37,0.00,0.00,189,1245106.25,447759.22,0.471004,1,0,1,0,0,0
1771599788797,67552.50,0.1480,-1.117584,-48.1782,2935869.07,1071334.00,0.465296,428653.97,25.50,265442.92,15.50,1538195.79,522391.54,875281.74,0.00,0.00,273525.80,797808.21,0.00,0.00,0.00,179,1011865.13,445402.23,0.388716,0,1,1,0,0,0
1771599789385,67552.50,0.1480,-1.120235,-48.2457,1151415.64,1274400.81,-0.050698,750772.20,22.50,302539.49,0.50,33871.47,1117270.69,273.48,0.00,0.00,1029067.16,245333.65,0.00,0.00,0.00,181,1011978.62,445353.60,0.388810,0,1,0,0,0,0
1771599790190,67522.00,2.9620,-1.125243,-48.3726,3028418.35,3293794.88,-0.041975,690087.12,20.00,371905.10,26.00,0.00,2268098.44,760319.90,0.00,0.00,0.00,2427615.17,866179.70,0.00,0.00,154,10585.88,2604709.89,-0.991905,1,1,0,0,0,0
1771599790722,67516.50,0.1481,-1.128657,-48.4588,2829866.44,283340.52,0.817975,670728.44,1.50,103451.73,12.50,1825028.88,1004837.57,0.00,0.00,0.00,86014.30,195715.99,1610.23,0.00,0.00,116,18342.81,2253209.75,-0.983850,0,0,1,0,0,0
1771599791377,67549.00,0.8882,-1.124907,-48.3641,2568795.19,4914664.72,-0.313474,241761.04,21.00,599822.45,23.00,75950.75,1210051.54,1282792.90,0.00,0.00,1308069.10,2879236.09,727359.53,0.00,0.00,134,25253.24,2254246.01,-0.977843,1,1,0,1,0,1
1771599792388,67524.00,0.2962,-1.123259,-48.3224,858362.71,4902358.19,-0.701995,448234.87,47.00,1597088.70,22.00,13765.24,889.00,814245.95,29462.52,0.00,921187.47,3981170.72,0.00,0.00,0.00,272,982349.38,4544793.60,-0.644536,1,1,0,1,0,1
1771599792920,67512.50,0.1481,-1.121708,-48.2831,1436602.41,5826451.17,-0.604408,790309.34,13.50,624448.65,10.50,245033.16,1191569.25,0.00,0.00,0.00,3878183.90,1948267.27,0.00,0.00,0.00,188,978747.77,2328629.11,-0.408143,0,0,0,1,0,0
1771599793526,67512.50,0.1481,-1.119337,-48.2229,1111636.93,2057186.49,-0.298391,269857.99,20.50,380840.84,17.50,76132.13,807272.41,228232.40,0.00,0.00,618132.50,1343676.83,95377.16,0.00,0.00,224,984474.90,2326223.62,-0.405277,0,1,0,1,0,1
1771599794105,67495.50,0.1482,-1.114535,-48.1004,3023230.35,7002740.62,-0.396920,609432.38,14.50,1280551.22,13.50,1222811.68,1800418.68,0.00,0.00,0.00,839680.59,6163060.03,0.00,0.00,0.00,247,987795.03,4556538.26,-0.643674,0,0,0,1,0,0
1771599794617,67507.50,0.1481,-1.103835,-47.8255,1627560.33,1939347.00,-0.087411,353141.60,10.50,781266.73,22.50,387177.32,1240383.00,0.00,0.00,0.00,603704.19,1335642.81,0.00,0.00,0.00,251,999109.26,4558082.69,-0.640427,1,0,0,0,0,0
1771599795142,67511.50,0.1481,-1.094141,-47.5740,4164983.33,925542.28,0.636367,610593.11,0.50,294461.30,14.50,2699221.12,1465762.21,0.00,0.00,0.00,129593.13,795949.15,0.00,0.00,0.00,143,888244.65,2266417.80,-0.436869,0,0,1,0,0,0
1771599795823,67512.50,0.1481,-1.084725,-47.3273,4533752.21,2571346.42,0.276197,3628715.99,0.50,608522.77,22.50,3807437.19,726315.02,0.00,0.00,0.00,125335.03,2260575.01,185436.39,0.00,0.00,109,51711.51,2253680.08,-0.955139,1,0,1,0,0,0
1771599796821,67529.50,0.1481,-1.073443,-47.0286,353829.53,5809759.96,-0.885187,94777.02,24.50,1162352.86,15.50,61586.26,159502.54,132740.73,0.00,0.00,1367490.98,4442268.98,0.00,0.00,0.00,108,2997652.90,12425.16,0.991744,0,1,0,1,0,1
1771599797327,67506.50,0.1481,-1.064182,-46.7809,3419788.50,2423466.17,0.170508,623523.89,0.50,326350.46,19.50,1575551.09,888346.54,955890.88,0.00,0.00,149999.36,2273466.80,0.00,0.00,0.00,173,2984402.90,2233276.02,0.143958,0,0,1,0,0,0
1771599797838,67527.00,1.1847,-1.051149,-46.4285,12398483.44,2176368.31,0.701353,2007048.56,21.00,303929.04,29.00,1607727.98,10790755.45,0.00,0.00,0.00,5249.93,1414338.32,756780.06,0.00,0.00,175,2995501.75,2233244.97,0.145782,1,1,1,0,0,0
1771599798609,67537.50,0.1481,-1.032967,-45.9291,5191784.06,1898401.82,0.464499,1971886.99,10.50,353564.96,19.50,2081569.46,3110214.60,0.00,0.00,0.00,198109.59,1700292.23,0.00,0.00,0.00,218,2989308.30,2818922.95,0.029335,0,0,1,0,0,0
1771599799143,67556.00,2.0724,-1.012461,-45.3548,1064628.19,2531563.63,-0.407914,134541.74,17.00,679672.41,23.00,105018.82,898010.58,61598.78,0.00,0.00,116445.24,2069925.65,345192.75,0.00,0.00,166,1155284.47,2869207.36,-0.425873,1,0,0,1,0,0
1771599799751,67511.50,3.4068,-0.997800,-44.9369,2745973.16,6501781.23,-0.406132,508404.78,28.50,1200306.06,25.50,0.00,1298423.58,1447549.58,0.00,0.00,0.00,4249631.33,2252149.89,0.00,0.00,255,1154766.50,5133600.49,-0.632729,1,1,0,1,0,1
1771599800780,67509.50,0.1481,-0.984909,-44.5644,1583268.92,1951778.01,-0.104244,500142.83,26.50,340629.78,19.50,70463.88,500597.89,1012207.15,0.00,0.00,512620.17,1439157.84,0.00,0.00,0.00,189,1191290.13,2905011.55,-0.418358,0,1,0,0,0,0
1771599801392,67501.50,2.8148,-0.972805,-44.2102,3885083.36,411675.53,0.808379,760299.59,23.50,247478.06,31.50,5823.21,3253484.32,625775.83,0.00,0.00,11.48,12267.94,399396.11,0.00,0.00,201,1187631.98,4542799.93,-0.585500,1,1,1,0,0,0
1771599801921,67511.50,0.1481,-0.959767,-43.8239,2286909.03,1754286.92,0.131798,689507.84,25.50,473508.36,16.50,433603.87,216083.50,1637221.66,0.00,0.00,12245.13,1742041.79,0.00,0.00,0.00,184,1158066.26,4542799.93,-0.593723,0,1,1,0,0,0
1771599802468,67511.50,0.1481,-0.952471,-43.6055,1435040.81,3551453.77,-0.424429,666092.38,31.50,947910.51,18.50,24380.60,201747.74,1208912.47,0.00,0.00,1160026.05,2391427.72,0.00,0.00,0.00,83,46043.95,2228725.87,-0.959518,0,1,0,1,0,1
1771599803071,67511.50,0.1481,-0.945169,-43.3854,378138.96,5362419.53,-0.868257,302806.82,30.50,831326.57,0.50,15310.85,238.91,362589.20,0.00,0.00,2785437.47,2576982.06,0.00,0.00,0.00,81,19349.52,2228142.65,-0.982781,0,1,0,1,0,1
1771599803627,67510.00,0.2963,-0.938199,-43.1737,352740.68,7810209.27,-0.913575,89190.90,26.00,3173116.24,1.00,10263.84,45.22,342431.62,0.00,0.00,4746422.41,3063786.86,0.00,0.00,0.00,87,17655.06,2232552.35,-0.984308,0,1,0,1,0,1
1771599804236,67488.00,6.5197,-0.932390,-42.9962,5167346.54,3112494.32,0.248175,831142.60,30.00,1038989.70,22.00,0.00,646854.70,4520491.84,0.00,0.00,0.00,1648159.95,1464334.37,0.00,0.00,169,17655.06,4465104.71,-0.992123,1,1,1,0,0,0
1771599804737,67488.00,2.0744,-0.920414,-42.6269,5579315.47,3685043.88,0.204469,821184.57,26.00,680683.80,21.00,6592.89,1695119.32,3877603.26,0.00,0.00,39763.13,3301383.52,343897.22,0.00,0.00,108,18892.20,2237577.07,-0.983255,1,1,1,0,0,0
1771599805331,67486.50,0.4445,-0.907841,-42.2345,2796871.96,2516344.16,0.052798,605080.77,21.50,811067.30,22.50,92683.77,2410114.38,294073.81,0.00,0.00,134221.89,2382122.27,0.00,0.00,0.00,109,23634.18,2237737.68,-0.979097,1,1,0,0,0,0
1771599805860,67487.50,0.1482,-0.892746,-41.7568,913419.97,2689620.43,-0.492973,572051.16,31.50,435379.26,0.50,77766.16,88634.78,747019.02,0.00,0.00,1051088.63,1638531.80,0.00,0.00,0.00,113,38664.91,2240620.05,-0.966073,0,1,0,1,0,1
1771599806376,67485.50,0.1482,-0.876499,-41.2345,1552634.64,6319389.53,-0.605531,400186.86,20.50,2559429.63,1.50,1403.62,1083152.69,468078.33,0.00,0.00,5306396.48,1012993.05,0.00,0.00,0.00,105,21628.93,2240608.57,-0.980878,0,1,0,1,0,1
1771599806895,67487.50,0.1482,-0.859568,-40.6813,5820433.43,65331.60,0.977800,1602785.75,1.50,33757.00,26.50,2817788.53,1885994.00,1116650.90,0.00,0.00,8491.01,6911.05,49929.54,0.00,0.00,126,21628.93,4462139.93,-0.990352,1,0,1,0,0,0
1771599807435,67486.50,0.4445,-0.843679,-40.1536,22967.59,3514057.71,-0.987013,16684.34,20.50,932786.68,5.50,1324.71,21642.88,0.00,0.00,0.00,1843257.90,1670799.81,0.00,0.00,0.00,50,21865.14,2230028.32,-0.980581,0,1,0,1,0,1
1771599807995,67460.50,4.5953,-0.832578,-39.7800,4226729.12,11514228.52,-0.462964,1008625.03,38.50,4567912.26,26.50,0.00,220212.39,4006516.73,0.00,0.00,0.00,304282.42,11209946.10,0.00,0.00,227,616895.22,2472511.42,-0.600638,1,1,0,1,0,1
1771599808509,67450.50,0.7413,-0.824822,-39.5165,392393.68,4681132.87,-0.845317,258175.72,25.50,1032971.19,25.50,41087.41,89201.08,262105.19,0.00,0.00,887072.66,2290783.87,1503276.34,0.00,0.00,227,614413.10,2472350.81,-0.601905,1,1,0,1,0,1
1771599809023,67445.50,0.1483,-0.816644,-39.2366,599864.61,9328186.77,-0.879158,515510.79,34.50,2355865.56,2.50,1314.35,53.27,598497.00,0.00,0.00,7712066.46,1616120.31,0.00,0.00,0.00,221,598842.93,2469448.19,-0.609657,0,1,0,1,0,1
1771599809627,67424.00,6.2292,-0.807547,-38.9225,5769659.42,5380248.36,0.034925,792382.56,29.00,3481124.44,21.00,0.00,1827800.60,3941858.81,0.00,0.00,0.00,4077848.33,1302400.02,0.00,0.00,360,628735.22,4696949.13,-0.763886,1,1,0,0,0,0
1771599810166,67406.50,0.4451,-0.799519,-38.6430,2866534.13,2429033.74,0.082616,645433.26,15.50,762880.61,33.50,489602.69,2376931.44,0.00,0.00,0.00,45.84,84258.94,2344728.96,0.00,0.00,332,628733.04,2471303.88,-0.594371,1,0,0,0,0,0
1771599810726,67427.50,0.4449,-0.793483,-38.4314,1060958.78,6370227.18,-0.714458,215300.30,18.50,1494765.51,15.50,179798.11,881160.67,0.00,0.00,0.00,1438253.91,4931973.27,0.00,0.00,0.00,304,627960.50,2234629.10,-0.561264,0,0,0,1,0,0
1771599811330,67443.00,0.2965,-0.786546,-38.1867,6802292.66,772644.01,0.796000,1103308.54,13.00,189720.69,25.00,2734943.26,4067349.40,0.00,0.00,0.00,23396.37,545423.23,203824.41,0.00,0.00,183,67526.06,2229270.44,-0.941200,1,0,1,0,0,0
1771599811878,67443.50,0.1483,-0.778930,-37.9161,860358.61,3367520.52,-0.593007,282284.62,15.50,668683.29,15.50,99062.79,761295.82,0.00,0.00,0.00,710664.79,2656855.73,0.00,0.00,0.00,251,67526.06,2907072.46,-0.954598,0,0,0,1,0,0
1771599812923,67430.50,0.1483,-0.771694,-37.6572,4350259.32,719992.00,0.715994,1722477.85,1.50,228368.82,18.50,2219996.61,1675440.09,454822.63,0.00,0.00,19056.53,699187.01,1748.46,0.00,0.00,180,43100.30,1955123.85,-0.956861,0,0,1,0,0,0
1771599813512,67437.50,0.1483,-0.763070,-37.3462,13639913.81,155524.25,0.977453,3568825.46,6.50,80023.75,22.50,11973515.76,1666398.04,0.00,0.00,0.00,359.46,80091.87,75072.92,0.00,0.00,162,6325.70,1955123.85,-0.993550,1,0,1,0,0,0
1771599814014,67474.50,0.4446,-0.749361,-36.8465,4347675.09,1140741.04,0.584310,654222.52,16.50,250079.08,22.50,1618779.25,2728895.84,0.00,0.00,0.00,306039.45,658151.76,176549.82,0.00,0.00,200,40369.47,2074146.39,-0.961817,1,0,1,0,0,0
1771599814545,67475.50,0.1482,-0.737416,-36.4057,6440950.65,1649229.47,0.592289,2343632.15,2.50,734542.65,44.50,4438166.57,2002784.08,0.00,0.00,0.00,50195.27,6135.20,1592899.00,0.00,0.00,123,39674.85,1400696.47,-0.944910,1,0,1,0,0,0
1771599815068,67483.50,0.1482,-0.724550,-35.9252,7505813.99,363963.95,0.907503,2796895.02,0.50,263861.69,34.50,5900742.51,1605071.47,0.00,0.00,0.00,49545.43,718.28,313700.24,0.00,0.00,120,40670.91,1328653.59,-0.940597,1,0,1,0,0,0
1771599815658,67503.50,0.1481,-0.711065,-35.4153,1451789.85,823468.14,0.276154,221265.19,19.50,175399.77,19.50,429541.15,1022248.70,0.00,0.00,0.00,87406.26,615656.32,120405.56,0.00,0.00,88,85235.11,132276.08,-0.216269,0,0,1,0,0,0
1771599816160,67505.50,0.1481,-0.697368,-34.8907,2067982.05,680808.57,0.504649,294273.20,0.50,333939.25,21.50,1101538.62,966443.43,0.00,0.00,0.00,60476.39,620311.92,20.26,0.00,0.00,94,85680.72,171000.77,-0.332397,1,0,1,0,0,0
1771599816694,67517.50,0.1481,-0.685747,-34.4403,137366.67,2807101.07,-0.906695,16264.03,9.50,611204.27,1.50,90932.05,44804.10,1630.51,0.00,0.00,1916828.49,890272.59,0.00,0.00,0.00,144,793310.34,175571.54,0.637579,0,0,0,1,0,0
1771599817243,67496.50,0.7408,-0.676950,-34.0960,1239678.91,8325725.44,-0.740799,294550.64,21.50,1097891.97,21.50,22105.87,370316.51,847256.53,0.00,0.00,718925.31,7606800.13,0.00,0.00,0.00,110,809307.63,56245.81,0.870035,1,1,0,1,0,1
1771599817870,67487.50,0.1482,-0.668715,-33.7712,333901.04,9053098.99,-0.928859,174959.32,25.50,2084215.56,5.50,14673.74,131038.98,188188.31,0.00,0.00,6546539.51,2506559.48,0.00,0.00,0.00,116,808331.82,77006.98,0.826040,0,1,0,1,0,1
1771599818847,67475.50,0.1482,-0.661012,-33.4652,1361640.70,1367815.49,-0.002262,250066.14,19.50,488481.03,0.50,430729.35,930911.34,0.00,0.00,0.00,725951.32,641864.17,0.00,0.00,0.00,142,1464482.76,29168.65,0.960943,0,0,0,0,0,0
1771599819433,67515.00,0.2962,-0.647168,-32.9096,460928.92,4229273.69,-0.803450,113011.68,26.00,667397.57,18.00,44997.76,292396.44,123534.72,0.00,0.00,1222667.97,3006605.72,0.00,0.00,0.00,166,1778429.01,24915.83,0.972367,0,1,0,1,0,1
1771599820040,67511.50,0.1481,-0.631002,-32.2520,1087337.04,2767785.82,-0.435900,357335.72,19.50,647338.95,1.50,436160.53,651176.51,0.00,0.00,0.00,2027191.98,740593.84,0.00,0.00,0.00,117,1073142.20,36841.07,0.933619,0,0,0,1,0,0
1771599820552,67503.50,0.1481,-0.614675,-31.5780,1127321.38,4543717.77,-0.602429,292024.58,20.50,752938.71,7.50,116336.34,1010985.04,0.00,0.00,0.00,2782947.18,1760770.59,0.00,0.00,0.00,125,1026112.79,25212.94,0.952036,0,1,0,1,0,1
1771599821058,67499.50,0.1481,-0.599684,-30.9504,902555.13,7125263.45,-0.775143,278484.29,31.50,1583517.09,11.50,15493.48,461875.97,425185.69,0.00,0.00,4152070.33,2973193.13,0.00,0.00,0.00,138,351293.27,2244732.05,-0.729361,0,1,0,1,0,1
1771599821595,67495.50,0.1482,-0.585210,-30.3366,33385.49,13898396.34,-0.995207,12305.69,37.50,4395437.39,0.50,5496.11,8750.42,19138.96,0.00,0.00,11157945.51,2740450.84,0.00,0.00,0.00,136,350822.26,2253144.48,-0.730548,0,1,0,1,0,1
1771599822138,67478.50,0.1482,-0.572282,-29.7818,267077.76,15414746.06,-0.965938,99940.73,2.50,3020100.92,0.50,106244.52,11.47,160821.77,0.00,0.00,5905931.20,9508814.87,0.00,0.00,0.00,156,365205.44,2254593.30,-0.721196,0,0,0,1,0,0
1771599822664,67464.50,0.1482,-0.565350,-29.4816,844343.37,10163801.25,-0.846597,522873.75,54.50,2982590.02,14.50,11.47,51163.77,243503.15,549664.98,0.00,2254428.37,7909372.87,0.00,0.00,0.00,138,63759.56,2260931.51,-0.945146,0,1,0,1,0,1
1771599823215,67447.50,0.1483,-0.558547,-29.1854,739307.07,3595950.68,-0.658933,515082.03,15.50,537493.24,15.50,27162.49,632668.88,79475.71,0.00,0.00,1286808.00,2309142.68,0.00,0.00,0.00,140,59284.41,2273421.54,-0.949171,0,0,0,1,0,0
1771599823735,67447.50,0.1483,-0.552550,-28.9228,1083766.06,1480226.76,-0.154626,272894.60,22.50,260048.47,21.50,148280.45,935485.61,0.00,0.00,0.00,334040.57,1146186.18,0.00,0.00,0.00,119,58953.48,2269161.29,-0.949355,1,1,0,1,0,1
1771599824283,67463.50,0.1482,-0.545988,-28.6340,2749408.05,3332295.14,-0.095843,682746.43,14.50,761663.14,15.50,636566.68,2112841.37,0.00,0.00,0.00,1311590.11,2020705.03,0.00,0.00,0.00,70,260705.33,77107.77,0.543489,0,0,0,0,0,0
1771599824810,67441.50,1.3345,-0.541215,-28.4229,252059.45,12657378.06,-0.960950,76638.47,28.50,3176067.49,22.50,66.09,105433.55,146559.82,0.00,0.00,158594.09,12498783.98,0.00,0.00,0.00,73,280712.46,87084.05,0.526455,1,1,0,1,0,1
1771599825369,67434.50,0.1483,-0.539597,-28.3512,201569.94,5848000.90,-0.933361,77001.83,21.50,1444969.75,3.50,2882.65,198675.84,11.46,0.00,0.00,4139019.93,1708980.97,0.00,0.00,0.00,67,241242.95,87195.24,0.469031,0,1,0,1,0,1
1771599825936,67433.50,0.1483,-0.537714,-28.2676,171634.07,4128442.70,-0.920172,75043.65,15.50,1594580.10,0.50,3687.69,167946.38,0.00,0.00,0.00,3578602.38,549840.32,0.00,0.00,0.00,60,351202.88,56135.96,0.724377,0,0,0,1,0,0
1771599827022,67408.00,0.2967,-0.537273,-28.2479,4969729.45,904279.79,0.692108,849166.36,17.00,313538.85,20.00,27100.94,4186728.90,755899.61,0.00,0.00,117583.35,752328.72,34367.72,0.00,0.00,135,149817.66,2242616.42,-0.874757,1,0,1,0,0,0
1771599827534,67399.50,0.1484,-0.537237,-28.2463,1277308.26,3282708.68,-0.439779,501441.38,16.50,511224.96,4.50,94018.17,1183290.09,0.00,0.00,0.00,3064224.76,218434.03,49.89,0.00,0.00,150,136489.92,2242563.80,-0.885257,0,0,0,1,0,0
1771599828062,67399.50,0.1484,-0.537358,-28.2517,1715592.68,784347.28,0.372507,761158.37,16.50,254775.19,21.50,231551.96,1484040.72,0.00,0.00,0.00,278880.70,457234.78,48231.80,0.00,0.00,139,149712.37,2225808.93,-0.873954,1,0,1,0,0,0
1771599828626,67404.50,0.1484,-0.536405,-28.2093,6479399.31,670422.65,0.812465,1480074.34,4.50,182890.36,23.50,6284369.59,195029.72,0.00,0.00,0.00,4437.76,315724.42,350260.47,0.00,0.00,135,149692.14,2225584.38,-0.873958,1,0,1,0,0,0
1771599829162,67404.50,0.1484,-0.534575,-28.1278,1836541.70,555231.26,0.535716,531531.73,20.50,125064.78,19.50,878374.74,958166.96,0.00,0.00,0.00,10382.74,544848.52,0.00,0.00,0.00,122,26977.29,2225125.17,-0.976043,0,1,1,0,0,0
1771599829704,67418.50,0.1483,-0.530744,-27.9569,4369621.78,1516595.07,0.484696,699038.59,7.50,267422.02,19.50,2835541.50,1534080.28,0.00,0.00,0.00,361603.61,1154991.46,0.00,0.00,0.00,152,39303.70,2225125.17,-0.965286,0,0,1,0,0,0
1771599830245,67418.50,0.1483,-0.526977,-27.7882,804109.66,1567970.40,-0.322021,270026.90,25.50,641404.13,9.50,146510.22,209296.21,448303.23,0.00,0.00,1140626.67,427343.73,0.00,0.00,0.00,65,39640.00,12031.89,0.534296,0,1,0,1,0,1
1771599830849,67418.50,0.1483,-0.522755,-27.5986,449450.81,1862417.09,-0.611180,104921.26,26.50,262920.83,17.50,44350.43,225146.67,179953.72,0.00,0.00,469753.64,1392663.45,0.00,0.00,0.00,49,14553.90,13119.49,0.051834,0,1,0,1,0,1
1771599831852,67404.50,0.1484,-0.519312,-27.4434,10476851.10,30907.33,0.994117,2445323.45,6.50,9686.61,27.50,7875764.24,2601086.87,0.00,0.00,0.00,100.44,14838.28,15968.61,0.00,0.00,82,48340.60,500078.76,-0.823709,1,0,1,0,0,0
1771599832362,67418.50,0.1483,-0.518715,-27.4164,7636703.84,968824.06,0.774837,1659436.09,0.50,276639.94,28.50,3646123.82,3990580.02,0.00,0.00,0.00,187.44,263655.22,704981.40,0.00,0.00,76,41478.08,500078.76,-0.846819,1,0,1,0,0,0
1771599832921,67428.00,2.0763,-0.515691,-27.2797,5649294.97,2094047.18,0.459136,1404859.47,7.00,340013.35,26.00,3133327.08,2061206.35,454761.54,0.00,0.00,6384.75,1124940.94,962721.49,0.00,0.00,93,55862.52,488863.77,-0.794897,1,0,1,0,0,0
1771599833466,67436.00,0.2966,-0.508577,-26.9569,3734928.10,2003047.24,0.301828,1830577.02,1.00,452886.61,25.00,2552707.91,1182220.19,0.00,0.00,0.00,1838.49,1548322.15,452886.61,0.00,0.00,95,57837.30,487437.95,-0.787860,1,0,1,0,0,0
1771599834008,67442.50,0.1483,-0.499636,-26.5483,2502184.20,3350266.32,-0.144911,751537.80,6.50,913135.91,18.50,2171038.74,278628.77,52516.70,0.00,0.00,536423.42,2813842.90,0.00,0.00,0.00,95,57931.82,480696.15,-0.784891,0,0,0,1,0,0
1771599834518,67449.50,0.1483,-0.489611,-26.0869,1188572.71,5045760.45,-0.618701,336291.97,5.50,731852.63,10.50,875331.10,223335.94,89905.68,0.00,0.00,2862681.75,2183078.70,0.00,0.00,0.00,89,714275.20,308.85,0.999136,0,0,0,1,0,0
1771599835047,67442.50,0.1483,-0.478963,-25.5927,1127432.21,10343692.81,-0.803431,350146.49,29.50,1544663.71,6.50,499.75,231445.76,895486.70,0.00,0.00,8244930.86,2098761.96,0.00,0.00,0.00,89,761573.53,1013.62,0.997342,0,1,0,1,0,1
1771599835594,67442.50,0.1483,-0.468199,-25.0889,1079414.34,2987028.93,-0.469111,383983.94,24.50,706018.84,19.50,156291.79,923122.55,0.00,0.00,0.00,1470690.26,1516338.67,0.00,0.00,0.00,75,756993.11,1045.99,0.997240,0,1,0,1,0,1
1771599836132,67442.50,0.1483,-0.461465,-24.7717,1536716.08,627275.60,0.420261,585890.73,15.50,338028.86,18.50,294349.27,1242366.81,0.00,0.00,0.00,124279.29,502996.31,0.00,0.00,0.00,49,739338.25,1845.86,0.995019,0,0,1,0,0,0
1771599836659,67442.50,0.1483,-0.453587,-24.3984,2291135.36,575555.04,0.598453,864919.10,19.50,336660.61,20.50,593476.17,1697659.19,0.00,0.00,0.00,9316.81,566238.23,0.00,0.00,0.00,38,738349.61,1585.56,0.995714,1,0,1,0,0,0
1771599837208,67442.50,0.1483,-0.444834,-23.9811,1180965.55,234190.38,0.669025,504996.15,11.50,92757.53,18.50,72692.96,1108272.59,0.00,0.00,0.00,32522.75,201667.63,0.00,0.00,0.00,48,749144.54,76490.02,0.814712,0,0,1,0,0,0
1771599837761,67442.50,0.1483,-0.435910,-23.5529,3889115.55,30110.35,0.984635,1049541.17,0.50,16681.08,18.50,1688368.38,2200747.17,0.00,0.00,0.00,7345.24,22765.11,0.00,0.00,0.00,24,59895.45,76479.90,-0.121609,0,0,1,0,0,0
1771599838339,67471.00,0.2964,-0.423758,-22.9652,5039597.25,2972634.66,0.257976,936484.51,16.00,670433.91,24.00,1229647.64,3809949.61,0.00,0.00,0.00,146221.23,1740288.01,1086125.42,0.00,0.00,130,61783.52,2301209.80,-0.947707,1,0,1,0,0,0
1771599838864,67470.50,0.1482,-0.411602,-22.3722,2177881.31,4286124.13,-0.326151,359408.33,15.50,1126849.91,28.50,684586.11,1493295.20,0.00,0.00,0.00,336307.21,2057099.91,1892717.01,0.00,0.00,134,69872.27,2301250.96,-0.941064,1,0,0,1,0,0
1771599839445,67470.50,0.1482,-0.401437,-21.8724,1340430.16,425968.67,0.517698,295536.56,21.50,141088.39,17.50,377344.72,754160.51,208924.93,0.00,0.00,32409.94,393558.73,0.00,0.00,0.00,134,70024.75,2300451.09,-0.940919,0,1,1,0,0,0
1771599839954,67465.50,0.1482,-0.392425,-21.4263,2154743.93,1939658.77,0.052532,610760.82,23.50,413236.88,4.50,267959.96,1886783.97,0.00,0.00,0.00,1601016.62,338642.16,0.00,0.00,0.00,132,85268.78,2340206.05,-0.929689,0,1,0,0,0,0
1771599840512,67447.00,0.8896,-0.385498,-21.0816,3206530.73,4649268.37,-0.183653,631552.83,37.00,948276.90,15.00,90035.29,71150.67,3045344.77,0.00,0.00,488955.09,4160313.28,0.00,0.00,0.00,212,87203.25,4497971.49,-0.961963,0,1,0,1,0,1
1771599841054,67449.00,0.2965,-0.378080,-20.7106,2690717.63,881201.08,0.506595,784090.72,32.00,170129.81,1.00,28940.62,205272.78,2456504.23,0.00,0.00,376013.07,505188.01,0.00,0.00,0.00,220,87600.53,4500506.86,-0.961814,0,1,1,0,0,0
1771599841606,67448.50,0.1483,-0.369980,-20.3035,2808859.03,61941.15,0.956847,760075.49,10.50,40012.10,0.50,1265962.79,1542896.24,0.00,0.00,0.00,57456.36,4374.13,110.66,0.00,0.00,106,36110.27,2274998.67,-0.968751,0,0,1,0,0,0
1771599842205,67447.50,0.1483,-0.360592,-19.8289,329031.54,1105225.01,-0.541182,82708.85,5.50,466680.81,0.50,158729.65,160299.16,10002.73,0.00,0.00,788561.63,316663.38,0.00,0.00,0.00,124,43993.95,2360810.00,-0.963412,0,0,0,1,0,0
1771599843246,67447.50,0.1483,-0.352100,-19.3972,782910.29,3157240.87,-0.602599,500885.44,26.50,720158.32,13.50,730.38,278193.15,503986.76,0.00,0.00,1503346.95,1653893.93,0.00,0.00,0.00,180,829595.81,2317963.82,-0.472864,0,1,0,1,0,1
1771599843857,67438.00,2.9657,-0.344259,-18.9965,101747.34,5795873.86,-0.965495,32690.75,33.00,2019833.56,10.00,0.00,22797.62,78949.72,0.00,0.00,0.00,4552988.24,1242885.62,0.00,0.00,124,855285.39,93457.07,0.802987,0,1,0,1,0,1
1771599844841,67405.00,0.2967,-0.339355,-18.7449,2309488.10,3152967.47,-0.154414,601050.97,22.00,1127826.71,15.00,860017.77,1344560.34,104909.99,0.00,0.00,322114.45,2830853.02,0.00,0.00,0.00,173,887455.72,2257282.63,-0.435593,0,1,0,1,0,1
1771599845342,67402.50,0.1484,-0.336514,-18.5988,2091788.35,1853415.81,0.060421,708791.67,19.50,345741.66,28.50,456613.62,1635174.74,0.00,0.00,0.00,576937.23,139534.78,1136943.80,0.00,0.00,162,872570.07,2234401.01,-0.438315,1,0,0,0,0,0
1771599845887,67402.50,0.1484,-0.334689,-18.5048,2324765.18,311890.51,0.763420,805210.68,19.50,110731.67,0.50,506281.64,1818483.54,0.00,0.00,0.00,119843.62,192046.89,0.00,0.00,0.00,104,60484.66,2234401.01,-0.947287,0,0,1,0,0,0
1771599846447,67406.00,0.5934,-0.332198,-18.3764,5688730.59,105284.58,0.963657,3059532.04,3.00,75024.24,20.00,4670921.32,1017809.27,0.00,0.00,0.00,1511.98,103772.60,0.00,0.00,0.00,107,65107.25,2234401.01,-0.943373,1,0,1,0,0,0
1771599846971,67407.50,0.1484,-0.329991,-18.2624,5698191.26,53994.93,0.981226,1620742.00,0.50,23936.66,23.50,4150663.27,1547527.99,0.00,0.00,0.00,12337.28,41657.65,0.00,0.00,0.00,79,38571.28,2233944.35,-0.966054,1,0,1,0,0,0
1771599847501,67407.50,0.1484,-0.328232,-18.1715,1945073.14,1112843.01,0.272156,594604.21,17.50,606810.37,15.50,835965.97,1109107.17,0.00,0.00,0.00,190305.51,922537.50,0.00,0.00,0.00,22,8615.97,7347.08,0.079490,0,0,1,0,0,0
1771599848033,67396.50,0.1484,-0.324382,-17.9721,4499119.40,370766.37,0.847731,678009.77,13.50,249191.65,0.50,1499805.23,2999314.17,0.00,0.00,0.00,318660.06,52106.31,0.00,0.00,0.00,77,9598.74,837956.74,-0.977350,0,0,1,0,0,0
1771599848580,67414.50,0.1483,-0.318456,-17.6644,10537318.30,1032159.50,0.821572,1672098.68,17.50,462093.67,33.50,2453796.46,8083521.84,0.00,0.00,0.00,590.58,13300.14,1018268.78,0.00,0.00,87,9755.15,838218.31,-0.976992,1,0,1,0,0,0
1771599849095,67416.50,0.1483,-0.313802,-17.4220,1551134.33,1416495.97,0.045369,338594.74,29.50,613976.79,20.50,458823.62,192532.29,899778.42,0.00,0.00,585.87,1250429.69,165480.41,0.00,0.00,89,9765.94,838218.31,-0.976967,1,1,0,0,0,0
1771599849627,67418.50,0.1483,-0.307548,-17.0952,1391190.60,1240638.76,0.057204,673282.86,18.50,595013.22,13.50,583945.74,807244.86,0.00,0.00,0.00,121264.00,1119374.77,0.00,0.00,0.00,88,4275.05,837974.29,-0.989848,0,0,0,0,0,0
1771599850177,67418.50,0.1483,-0.300600,-16.7308,3127913.31,93493.03,0.941955,869637.26,11.50,76873.46,18.50,651516.71,2476396.60,0.00,0.00,0.00,370.16,93122.87,0.00,0.00,0.00,94,16102.36,845325.55,-0.962615,0,0,1,0,0,0
1771599850730,67418.50,0.1483,-0.294654,-16.4178,846846.07,321071.29,0.450181,156541.23,0.50,201922.56,18.50,480402.61,366443.45,0.00,0.00,0.00,38914.82,282156.48,0.00,0.00,0.00,39,13268.58,18326.82,-0.160094,0,0,1,0,0,0
1771599851436,67418.50,0.1483,-0.288740,-16.1056,2692320.21,18737.12,0.986177,547950.67,15.50,7949.37,0.50,1457258.12,1235062.09,0.00,0.00,0.00,8510.35,10226.77,0.00,0.00,0.00,29,13450.75,23460.10,-0.271176,0,0,1,0,0,0
1771599851954,67418.50,0.1483,-0.286284,-15.9756,4678316.40,8912.92,0.996197,1100729.49,1.50,7969.60,0.50,2119317.49,2558998.91,0.00,0.00,0.00,8541.36,371.56,0.00,0.00,0.00,36,13421.76,249921.90,-0.898067,0,0,1,0,0,0
1771599852569,67465.50,0.1482,-0.277708,-15.5204,1964939.75,1598850.88,0.102725,733588.97,6.50,448586.25,26.50,937338.75,46009.92,981591.08,0.00,0.00,55346.77,728697.70,814806.42,0.00,0.00,76,23062.98,294481.15,-0.854742,1,0,0,0,0,0
1771599853168,67460.50,0.1482,-0.271252,-15.1764,2911074.02,1288361.58,0.386412,664371.00,20.50,438715.50,42.50,1447651.23,1463422.79,0.00,0.00,0.00,45013.35,1545.33,1241802.90,0.00,0.00,84,68465.30,304105.74,-0.632471,1,1,1,0,0,0
1771599853789,67460.50,0.1482,-0.265113,-14.8482,966082.19,1235189.12,-0.122251,300380.19,19.50,560301.75,18.50,405047.61,561034.57,0.00,0.00,0.00,335136.66,900052.45,0.00,0.00,0.00,83,68344.04,296774.70,-0.625634,0,0,0,1,0,0
1771599854394,67461.00,0.2965,-0.259627,-14.5542,3263834.18,6557.20,0.995990,595133.61,11.00,4023.43,1.00,1295083.16,1968751.02,0.00,0.00,0.00,4328.38,2228.82,0.00,0.00,0.00,97,74618.75,491175.95,-0.736234,0,0,1,0,0,0
1771599854952,67462.50,0.1482,-0.253226,-14.2101,9941129.48,2427.85,0.999512,6128829.83,1.50,1493.38,19.50,8036636.48,1904493.00,0.00,0.00,0.00,550.54,1877.31,0.00,0.00,0.00,85,73944.56,270305.15,-0.570402,0,0,1,0,0,0
1771599855514,67497.50,0.1482,-0.242350,-13.6230,3460631.68,3560802.95,-0.014266,876368.32,16.50,959214.10,22.50,1066018.22,2394613.46,0.00,0.00,0.00,856864.63,2703938.32,0.00,0.00,0.00,79,71966.81,219990.55,-0.507005,1,0,0,0,0,0
1771599856121,67497.50,0.1482,-0.231359,-13.0267,1691537.60,2563984.60,-0.205015,800281.34,25.50,597232.49,20.50,391350.65,402381.00,897805.95,0.00,0.00,864773.97,1699210.63,0.00,0.00,0.00,80,18125.58,246925.95,-0.863230,1,1,0,1,0,1
1771599856628,67497.50,0.1482,-0.220288,-12.4232,540537.56,4753679.48,-0.795801,113172.42,20.50,977646.30,15.50,49278.11,414369.50,76889.95,0.00,0.00,1067024.32,3686655.16,0.00,0.00,0.00,79,18125.58,246102.28,-0.862803,0,1,0,1,0,1
1771599857132,67497.00,0.2963,-0.209168,-11.8141,110891.46,5781916.64,-0.962364,83246.41,32.00,1456974.70,1.00,448.14,2810.40,107632.92,0.00,0.00,2187910.94,3594005.69,0.00,0.00,0.00,77,18081.12,225863.61,-0.851761,0,1,0,1,0,1
1771599857746,67482.00,4.1493,-0.199457,-11.2800,5080934.34,3235386.12,0.221919,931237.95,31.00,938991.27,15.00,0.00,2644192.54,2436741.80,0.00,0.00,0.00,1557058.07,1678328.05,0.00,0.00,122,15721.36,575689.97,-0.946834,0,1,1,0,0,0
1771599858353,67481.50,1.3337,-0.193076,-10.9280,4097704.44,1348033.28,0.504922,975555.46,18.50,595501.39,22.50,733695.47,3364008.97,0.00,0.00,0.00,33574.91,801913.44,512544.94,0.00,0.00,83,9930.13,575669.72,-0.966086,1,0,1,0,0,0
1771599859365,67508.50,0.1481,-0.182570,-10.3465,6666565.68,966002.48,0.746874,1953155.82,2.50,613532.83,16.50,4678962.85,1987602.84,0.00,0.00,0.00,23422.72,913142.37,29437.40,0.00,0.00,113,66334.34,540319.56,-0.781311,0,0,1,0,0,0
1771599859896,67511.50,0.1481,-0.169351,-9.6119,4786314.18,900511.96,0.683299,2707368.11,2.50,300396.56,15.50,4644393.69,141920.49,0.00,0.00,0.00,170.14,788944.64,111397.18,0.00,0.00,120,72181.97,586291.84,-0.780760,0,0,1,0,0,0
